2950 4817
251 258 330 332 626
628 243 988 316 ANNOTATIONES

250 427 314 488 τῶν
325 425 502 486 minatur
514 419 565 488 lael
576 418 611 489 rt
622 420 774 507 Δέκὶμον,
794 420 941 505 Βρωσεν
955 413 1052 486 atsto
1064 418 1085 486 δ
1096 417 1282 506 nprrpwelr
1294 437 1367 500 ozo-

250 505 373 594 λᾶριος,
396 518 454 572 etc.

335 598 413 674 Pog·
432 597 507 661 883.
533 597 560 658 1.
582 591 626 667 εἰς
641 589 676 657 τὸ
687 592 819 677 suppo&
833 588 939 676 ileon]
962 591 1035 651 chr.
1058 589 1142 654 dlex.
1159 590 1248 668 legit,
1269 589 1319 664 εἰς
1331 586 1369 654 ro'

250 675 438 760 καλούμενον
463 679 673 762 I'cpyuplclnr·
705 681 852 759 Suapicor
881 677 1042 758 legandum
1068 673 1119 739 ad·
1133 675 1257 756 Pupilla
1283 673 1371 757 ὅρος.

250 768 337 828 Mona
353 765 431 825 enim
445 766 567 825 Garizin
584 765 733 824 Samariae
746 765 897 842 imminet3
918 765 951 823 in
973 784 1037 842 quo
1054 761 1287 825 celeberrimum
1300 771 1372 820 erat

249 851 397 931 templum
418 850 497 911 illud
521 848 749 912 ..simonianis
772 849 929 923 ucnlicii,
959 857 992 909 ot
1014 848 1169 908 Orationis
1190 867 1282 907 cauea
1306 846 1374 906 fre·

251 945 443 1016 quentatum,
473 945 565 1014 atque
592 955 683 994 cauea
713 936 766 995 tuli
795 944 979 999 extructum.
1028 936 1179 1015 Tempore
1199 931 1373 995 Alexandri

249 1021 424 1082 Macedonia
438 1021 607 1097 Manassen,
629 1019 716 1080 laddi
730 1021 885 1081 Pontificio
898 1019 1081 1082 ludaeorum
1099 1020 1209 1093 irater,
1229 1039 1267 1076 eo
1282 1017 1373 1096 quod

251 1106 443 1186 alinigenaui
464 1106 600 1166 duxisset
619 1125 765 1184 uxorem,
788 1106 926 1166 Nicaeum
946 1125 1071 1184 nempe,
1097 1103 1294 1164 sanaballath
1314 1105 1373 1161 Sa·

249 1191 363 1253 mariae
376 1190 582 1265 duciafiliam,
605 1191 642 1250 ab
655 1191 743 1252 altari
763 1191 868 1270 pulani
891 1201 948 1253 eat.
991 1193 1102 1252 Socero
1124 1190 1278 1250 Mauaaaea
1300 1209 1372 1249 rem

249 1275 364 1347 defert,
390 1277 441 1356 qui
462 1276 490 1336 ei
506 1276 685 1357 pollicetur,
709 1277 735 1336 ai
748 1277 840 1336 liliam
860 1297 945 1336 auam
956 1277 1115 1351 retineret,
1137 1295 1170 1334 ae
1183 1275 1211 1334 ei
1223 1283 1255 1333 et
1267 1293 1371 1334 aecer-

250 1361 368 1422 dotium
384 1372 648 1438 conaervaturum,
670 1371 762 1441 atque
779 1363 870 1422 etiam
882 1359 1071 1437 Pontificem,
1093 1350 1249 1422 et'ducem
1261 1378 1372 1419 conam

249 1447 387 1506 locorum
412 1447 521 1524 quibua
546 1447 613 1526 ipae
637 1445 816 1527 imperaret,
847 1467 917 1506 eum
938 1458 1120 1506 creaturum.
1162 1444 1282 1506 Annuit
1304 1444 1373 1503 lla-

249 1549 371 1592 neaaea:
402 1539 540 1592 extructo
563 1533 667 1608 itaque
693 1532 725 1588 in
751 1531 894 1590 Gaiizino
915 1540 1016 1592 monte
1036 1532 1167 1612 templo,
1196 1529 1374 1588 Sanabellet

250 1635 393 1697 generum
411 1635 499 1674 auum
514 1615 688 1675 Pontificem
713 1615 824 1673 ibidem
844 1617 1018 1690 conutituit,
1039 1617 1090 1676 cui
1105 1615 1216 1676 exinde
1232 1613 1374 1674 adhaesit

249 1703 385 1783 populus
410 1701 624 1762 Samaritanus.
681 1699 757 1758 Vide
779 1696 901 1780 Joseplai
923 1700 1071 1779 Antiquit.
1096 1701 1211 1760 ludaic.
1237 1699 1293 1758 lib.
1321 1705 1372 1764 11.

251 1807 280 1848 c.
297 1791 330 1852 8.
370 1784 515 1846 adhunc
536 1793 666 1845 montem
682 1785 817 1864 respexit
831 1785 1031 1864 Samaritana,
1052 1785 1121 1848 Joh.
1133 1807 1161 1846 c.
1175 1789 1207 1850 4.
1226 1784 1373 1860 dicendo,

249 1868 355 1932 Potrea
368 1872 463 1932 nostri
477 1872 510 1930 in
524 1868 582 1931 laec
596 1884 695 1930 monte
709 1867 876 1931 adorarunt
882 1914 893 1945 ,
916 1878 977 1932 etc.

338 1959 409 2036 Pag·
431 1959 503 2022 883·
526 1959 557 2019 3.
580 1950 622 2035 μὴ
647 1953 865 2036 στρατεύεσθαι
884 1953 1110 2035 Σαμαρείτην]
1131 1955 1252 2017 Poenae
1267 1955 1372 2036 liujua,

251 2059 312 2122 qua
332 2037 542 2099 criminalibus
567 2041 730 2118 aliquando
752 2039 860 2112 Civili,
884 2043 1068 2120 quandoque
1091 2040 1215 2102 Militari
1239 2051 1372 2116 tantum,

251 2139 297 2187 eet
309 2133 340 2185 et
352 2124 406 2184 ubi
420 2126 568 2185 alterutro
589 2144 710 2184 munere
732 2117 886 2204 iungendo
907 2126 1105 2187 interdictum
1125 2127 1200 2202 suit,
1222 2127 1374 2206 frequens

250 2211 333 2292 apud
356 2209 504 2271 Auctorea
526 2211 661 2270 occurrit
683 2210 803 2270 mentio.
841 2211 952 2271 Noster
966 2212 1054 2272 etiam
1077 2231 1167 2291 supra
1180 2211 1374 2285 haechabet,

249 2296 283 2356 in
305 2295 475 2372 Marciano,
498 2295 552 2375 qui
572 2295 792 2357 mmultuanna
811 2296 953 2355 Paetinae
974 2312 1072 2378 poena
1092 2297 1273 2376 huiuamodi
1286 2319 1375 2358 coer·

251 2381 333 2442 onita
353 2376 436 2454 ὅστις
447 2379 498 2444 aul
518 2375 655 2456 διάταξιν
675 2372 775 2442 cairoai
787 2382 881 2444 θείαν
898 2378 1087 2464 ἕξεφόνησε,
1110 2381 1268 2464 (ταραχῆς
1281 2405 1375 2466 yan-

250 2465 345 2548 plrne
358 2463 440 2548 cupri
457 2469 520 2528 coir
541 2469 599 2529 aori
621 2467 781 2547 Hpooluov
801 2464 932 2548 μέρους)
951 2464 995 2549 μὴ
1017 2464 1235 2531 πολιτεύεσθαι
1252 2469 1374 2550 flpaat.

250 2573 340 2629 roco,
363 2549 437 2632 μήτε
451 2545 682 2632 στρατεύεσθαι,
704 2550 756 2614 tul
770 2549 823 2632 ἔτη
836 2552 914 2632 colo.

338 2639 413 2718 Peg·
435 2639 509 2702 383.
532 2635 561 2701 5.
584 2633 685 2710 alolde
701 2630 912 2717 Οὖαλέμερος]
933 2634 1172 2713 Theodericiana,
1187 2638 1257 2698 aive
1270 2637 1372 2699 Theo·

250 2721 388 2798 doricus,
409 2720 617 2782 Theodemiria
631 2729 697 2781 erat
710 2721 807 2796 liliua,
830 2722 962 2782 Valemir
977 2743 1053 2783 vero
1067 2724 1134 2805 ejua
1146 2734 1277 2804 patruus
1293 2735 1371 2788 ent.

249 2804 424 2868 videraut
440 2808 522 2869 illac.
538 2807 589 2868 lib.
609 2809 657 2870 16.
672 2815 702 2864 et
715 2807 859 2867 lornand.
873 2807 913 2867 da
928 2808 1000 2867 lieb.
1016 2810 1083 2868 Get.
1100 2829 1165 2888 cap.
1182 2813 1237 2874 52.

303 2939 309 2960 .
336 2893 415 2972 Pag·
438 2895 510 2958 883.
534 2891 585 2956 14.
607 2885 745 2972 ὁρμήσας
762 2889 883 2970 ἐπὶτὴν
896 2888 1040 2973 Pellana]
1069 2895 1126 2955 lata
1148 2915 1257 2954 aveto
1271 2895 1371 2954 aliena

250 2984 338 3037 aunt:
368 2996 429 3035 non
449 2977 576 3036 Romam
604 2977 700 3050 euim,
730 2975 785 3036 aed
806 2978 979 3038 Ravennam
1004 2981 1101 3039 tenuit
1120 2979 1276 3040 Odoacer:
1310 3001 1371 3059 qua

249 3071 323 3144 poet
340 3061 517 3121 triennalem
545 3059 667 3121 taudem
690 3062 876 3123 obsidionem
898 3073 1002 3144 capta,
1032 3064 1242 3124 Theudoricus
1263 3065 1371 3125 Odoa-

250 3169 349 3224 crem,
371 3145 444 3208 dolo
458 3145 546 3223 licet,
568 3147 720 3207 interemit
735 3157 851 3208 tamena
873 3148 919 3208 uti
942 3158 1092 3209 teruntur
1105 3151 1277 3230 Procopiuo
1293 3153 1371 3210 Get

249 3231 324 3296 thio.
347 3232 389 3292 lib
413 3240 442 3299 1.
468 3233 552 3294 Paul.
574 3231 697 3292 Diacon.
727 3233 781 3295 lib.
802 3239 851 3300 16.
888 3233 1033 3296 lornand.
1062 3234 1100 3295 de
1127 3235 1219 3296 rebua
1240 3235 1369 3310 Geticia,

250 3337 285 3377 ca
309 3317 381 3384 ‚62

285 3339 307 3399 P
336 3405 407 3484 Pug-
431 3407 506 3471 383.
539 3406 590 3468 19.
628 3399 678 3482 lon
701 3396 782 3483 μζ’.]
811 3403 947 3481 Triginta
963 3413 1079 3464 tantum
1103 3425 1197 3466 annea
1224 3425 1297 3469 eum
1319 3428 1370 3470 rt·

250 3505 356 3567 gnane
370 3489 476 3548 alaerit
486 3486 667 3566 lornandea,
689 3489 728 3549 de
743 3490 836 3567 llegn.
849 3491 986 3551 Succeaa.
1000 3489 1035 3549 in
1049 3493 1181 3552 Zenone.

338 3576 410 3653 Pflg·
433 3571 505 3640 384.
531 3579 559 3639 1.
594 3574 648 3636 aul
669 3569 707 3634 roi
728 3569 954 3650 unimodum]
976 3577 1041 3640 Sor.
1064 3576 1253 3641 aucutttm.
1271 3581 1368 3643 unla-

248 3652 368 3731 alllco,
391 3660 642 3735 etrodaulllaor,
664 3655 833 3720 codicillus.

338 3745 408 3823 Peg·
430 3743 502 3808 884.
525 3747 556 3810 3.
578 3743 631 3807 nul
644 3741 718 3818 rode
733 3745 902 3824 conolores·
916 3742 1196 3822 circulariter]
1211 3749 1370 3830 capnion,

249 3835 280 3886 et
293 3828 423 3889 σκιπίων
436 3827 539 3908 Scipio
552 3839 597 3889 eat
604 3851 613 3906 3
637 3850 699 3909 quo
712 3831 865 3892 vocabulo
879 3833 998 3893 Auctor
1011 3833 1205 3913 Symbolum,
1228 3836 1299 3896 aire
1317 3837 1370 3896 ln·

249 3911 333 3990 aigne
350 3911 513 3974 Conaulare
525 3914 644 3993 riguere
656 3913 790 3977 videtur.

334 3999 414 4078 Pog-
436 3999 509 4064 385.
532 4004 560 4064 1.
581 3997 738 4082 ἆέκγονος
758 3995 858 4065 αὐτοῦ
875 3997 1058 4086 Alopece]
1079 4006 1145 4066 Sor.
1162 4000 1369 4088 Αταλᾶριχος.

249 4079 491 4142 Theuderichum
520 4083 600 4146 enim
625 4086 657 4144 in
681 4105 775 4164 regno
805 4090 925 4170 excepit
951 4109 1047 4169 nepoa
1077 4091 1142 4173 ejua
1160 4090 1369 4168 Athalaricua‚

247 4164 497 4228 Amalaauenthae
518 4168 611 4248 filiae,
635 4181 665 4232 et
685 4171 821 4232 Eutarici
840 4171 930 4236 filine.
979 4174 1057 4235 Vide
1073 4177 1217 4238 lomand.
1237 4177 1279 4241 de
1300 4180 1368 4241 reb.

250 4251 348 4316 Getic.
363 4273 430 4338 cap.
447 4259 498 4323 69.
519 4255 704 4340 Procopium
717 4258 824 4339 otiam,
847 4259 1017 4323 Gottlaicor.
1031 4262 1052 4326 l.
1070 4267 1099 4328 1.
