2950 4817
592 293 819 366 EPISTOLA.
1181 307 1259 383 695

149 467 246 548 paule
266 477 312 530 est
337 478 368 532 et
386 469 503 549 asnar,
524 483 747 553 proptereaque
762 473 864 537 fraudi
883 474 944 538 tate
957 465 1106 538 librariis:
1127 485 1259 542 uuum

150 573 213 612 uon
228 553 337 616 desunt
351 560 496 639 exempla.
539 557 694 642 aristoph.
708 560 809 627 Rauis.

289 673 292 684 ’
316 683 380 748 Kai
397 682 435 749 od
448 687 478 750 si
489 681 530 770 dp*
543 681 658 772 δράσας
677 681 789 762 cicade
808 681 904 763 οὕτως
925 681 1085 770 άνδρείονς
1102 689 1258 770 ἕδίδαξαςς

148 808 209 908 sed
236 819 269 909 et
294 810 345 872 hic
370 814 458 878 lacus
480 815 515 874 ia
539 813 614 876 vitio
636 825 700 890 est3
727 825 759 876 et
780 814 940 896 legendum
963 825 1071 880 sutore
1091 817 1152 881 biS.
1174 819 1259 882 Oxe-

147 914 242 954 menet
250 919 260 958 1

313 1023 377 1087 Καὶ
395 1021 433 1089 od
447 1027 477 1090 si
489 1019 604 1110 δράσας
617 1021 714 1104 οὕτως
728 1021 843 1104 adactis
855 1029 1017 1112 γενναίους
1028 1025 1200 1108 ἐξεδίδαξας
1205 1059 1217 1110 ,·

145 1148 274 1248 νοΙςιῑι
291 1151 464 1260 Ιοοῑίοιοοιιο
481 1165 608 1258 propter
623 1155 681 1215 alia
703 1155 936 1254 minusplacet,
957 1167 1022 1218 tum
1042 1155 1082 1218 ob
1096 1157 1155 1222 hoc
1168 1179 1256 1239 prae·

143 1237 1255 1392 tittt'thttdiffidit-5³'tid-‘3⁰²¹¹h¹?.f‘¹tt.diffidi

141 1409 198 1466 τοῦ
211 1402 255 1485 μή
266 1411 344 1492 pppis
357 1408 487 1492 ἔμμετρα
494 1413 557 1473 νεῖν
572 1408 630 1490 τήν
644 1412 784 1474 Πυθίαν.
828 1415 856 1474 0
869 1406 903 1475 δ’
920 1407 1095 1494 Εὐριπίδης
1101 1458 1111 1490 ,
1132 1414 1189 1488 ait,
1211 1353 1254 1478 ei-

138 1486 216 1593 poim
242 1490 282 1564 aie
297 1489 433 1556 διδάσκει
446 1493 578 1578 ποιητήν
593 1495 686 1593 ἔρως,
707 1491 773 1586 sapio¹
783 1493 919 1594 άμονσος
934 1491 1007 1642 pisti
1020 1497 1104 1578 aspir,
1124 1493 1253 1597 διάησιν

137 1585 235 1739 ffisylpt
243 1595 335 1721 χιιριιιιιι
357 1589 535 1662 sequantur.
583 1581 684 1641 Nicias
712 1581 849 1642 Medicus
871 1601 932 1663 spu
974 1581 1076 1643 schot.
1097 1581 1253 1644 Theocriti

307 1792 353 1852 Ην
367 1783 422 1870 άρ’
437 1787 554 1870 orasse
566 1795 673 1867 codro,
697 1787 856 1874 Θεόκριτε,
878 1791 912 1855 oi
919 1787 977 1877 γάρ
995 1791 1121 1870 ἓροῖντες

302 1869 441 1939 Πολλάκι
455 1871 583 1956 ποιητάς
597 1875 741 1952 ἐδίδαξαν
753 1873 826 1952 coda
841 1876 917 1958 πρὶν
934 1872 1099 1958 ripaticum.

134 1999 195 2059 Sed
213 2019 274 2077 qua
291 2020 339 2061 me
353 2021 473 2081 cunque
486 2002 621 2082 recipio,
644 2006 744 2064 omnis
767 2002 924 2082 conspicio
939 2003 1055 2064 mendis
1077 2014 1109 2064 et
1122 2005 1248 2064 maculis

133 2085 298 2163 inquinata.
351 2087 430 2146 Ecce
454 2088 533 2148 enim
554 2097 585 2148 et
602 2086 677 2149 lauis
697 2089 817 2150 medico
837 2088 983 2149 medicina
1002 2088 1173 2151 adhibenda
1191 2101 1251 2152 est..

132 2169 332 2231 Scribendtuu
345 2181 406 2249 est,
428 2172 568 2251 inquam,

301 2332 340 2345 -
365 2331 403 2345 -
427 2332 467 2344 -
489 2295 541 2362 καὶ
556 2295 614 2380 γάρ
628 2305 750 2380 Ερωτες
1257 2336 1284 2389 0
1299 2335 1335 2390 22

299 2377 437 2447 Hoiidns
450 2381 577 2466 ποιητάς
591 2385 733 2461 ἐδίδαξαν
748 2381 820 2461 eosic
836 2383 912 2468 arpis
927 2379 1095 2468 άμοάσονς..

214 2510 285 2587 Peg.
311 2515 381 2576 106.
405 2510 484 2592 Περὶ
499 2509 532 2574 δὲ
544 2516 602 2591 τῆς
619 2505 786 2592 Πασιφάης
802 2510 923 2585 ἐξέθετο
947 2513 1050 2592 δράμοι
1067 2506 1243 2590 Εὐριπίδης

125 2588 304 2674 ducenaria.
348 2597 490 2670 lustrem,
513 2595 589 2655 mihi
609 2597 718 2672 crede,
739 2615 866 2677 operam
879 2599 1056 2677 sumpserit,
1079 2595 1133 2675 qui
1152 2595 1241 2655 Euri-

123 2679 210 2760 pidis
236 2679 401 2760 Pasiphaen
427 2681 593 2740 instituerit
614 2701 769 2761 quaerere.
821 2681 889 2740 Non
916 2690 1031 2741 temere
1057 2680 1127 2740 dico
1149 2690 1241 2759 atque

123 2763 267 2842 equidem
285 2766 443 2826 certeseia
459 2768 606 2826 neminem
621 2785 659 2826 ex
676 2765 876 2845 scriptos-rbus
887 2768 1015 2825 vetastis
1026 2764 1119 2824 bodie
1130 2783 1240 2844 super·

123 2867 209 2923 esse,
230 2850 282 2928 qui
296 2851 358 2910 teia
373 2851 539 2930 quidquam
556 2855 716 2910 memoriae
736 2849 904 2911 tradiderit.
946 2849 1115 2929 Hesychius
1126 2859 1239 2924 tamen,

122 2931 256 3013 Σαρδώ,
279 2934 336 3011 ait,
361 2934 397 2998 dr
409 2929 559 3022 Πασιφάῃ
579 2932 615 2998 ad
633 2931 829 3015 oapdo‘vsoasi
850 2934 981 3017 σφραγὶς
998 2936 1123 3014 εἴρηται.
1149 2953 1238 3013 quem

123 3022 154 3078 si
175 3019 213 3077 ad
232 3019 571 3100 Euripideemliabuiam
591 3021 760 3100 respexisse
778 3023 928 3099 quispiam
946 3021 1111 3096 existimet,
1132 3026 1238 3078 caveat

121 3123 251 3184 moneo,
276 3115 306 3164 et
321 3107 533 3166 existimationi
549 3126 619 3165 suae
633 3105 755 3166 insidias
769 3107 873 3184 parari
884 3105 1003 3182 cogites
1046 3105 1152 3164 Alcaei
1166 3103 1237 3184 qui-

120 3190 196 3249 dem
218 3191 373 3251 comoedia
394 3190 542 3272 Pasiphae
564 3189 709 3271 iuscripta
732 3200 795 3267 est,
815 3201 852 3250 ut
870 3190 983 3250 scimus
1003 3209 1042 3248 ex
1065 3186 1235 3247 Didascalis

119 3275 206 3336 Piuti
224 3275 449 3356 Aristophanis:
479 3271 644 3356 Εδιδάχθη
664 3274 714 3339 ἐπὶ
741 3272 886 3356 ἄρχοντος
907 3268 1117 3354 Ανιιιιάιρον,
1144 3265 1234 3334 aissa·

119 3359 328 3443 γοινιζομένοο
357 3356 443 3446 stirpi
463 3359 656 3442 Νικοχάρονς
685 3357 741 3441 μὲν
764 3353 926 3435 Λάκωσιν,
954 3355 1178 3437 Αρισιορδνονς
1199 3355 1234 3416 dd

117 3441 274 3527 Αδμήιῳ,
297 3451 500 3524 Νικοφῶντος
521 3443 555 3510 di
577 3441 732 3522 Αδιάνιδι,
754 3445 891 3507 Αλιιαίον
913 3440 948 3506 di
972 3436 1132 3524 Πασιφάῃ.
1172 3437 1231 3497 Sed

117 3531 276 3608 Euripidis
299 3531 463 3611 Pasiphaen
487 3551 636 3611 nusquam
655 3532 798 3610 cuiquam
817 3528 936 3590 laudari
958 3530 1098 3607 reperies.
1148 3521 1232 3598 Quid

116 3616 216 3692 igitar
227 3615 302 3676 fies?
324 3619 483 3677 Numnam
499 3615 726 3692 Antiochensis,
750 3635 820 3674 cum
840 3614 916 3674 haec
931 3613 1093 3689 scriberet,
1111 3629 1230 3669 memo·

116 3701 199 3761 riola
222 3701 377 3762 vacillavit
399 3707 595 3785 γεροντικῶς,
627 3723 663 3761 an
687 3700 849 3762 mendacio
876 3707 1002 3758 conatus
1028 3706 1076 3761 est
1099 3693 1231 3755 fallere‘i

114 3787 226 3846 Utrum
242 3787 315 3850 libet
328 3807 399 3848 sana
415 3788 538 3863 secesit,
560 3787 642 3847 haud
665 3775 828 3847 arbitrario
848 3784 1022 3864 vapulabit:
1044 3793 1133 3862 atque
1151 3777 1226 3838 adso

114 3871 234 3932 dudum
258 3881 317 3946 est,
345 3873 429 3952 quod
456 3872 674 3933 laomuucuium
699 3871 790 3932 rideo
812 3864 908 3948 σκάιη
931 3868 1061 3949 βλέπειν.
1112 3866 1228 3926 veram

112 3955 220 4016 hercle
236 3977 406 4036 quostquam
428 3957 590 4018 admodum
610 3977 725 4036 nupera
748 3967 793 4016 est
811 3957 891 4014 inter
903 3974 958 4012 aas
973 3953 1098 4024 notitia,
1119 3970 1166 4009 me
1179 3958 1227 4015 tas

113 4061 184 4100 rnen
198 4050 226 4101 et
242 4053 432 4121 precatorem
449 4041 573 4102 habebit
594 4052 623 4102 et
637 4042 825 4102 defensorem
841 4049 996 4119 paratum:
1018 4057 1086 4096 cum
1103 4045 1134 4095 et
1153 4032 1228 4092 alias

114 4127 228 4186 soleam
246 4147 310 4188 esse
334 4128 365 4188 in
387 4128 528 4190 amicitiis
548 4127 653 4187 fidelis.
699 4127 772 4186 Dico
796 4126 892 4204 igitur
912 4123 1088 4203 Euripidem
1108 4129 1224 4194 tragoe-

113 4212 197 4271 diam
222 4211 346 4292 quidem
365 4213 403 4273 de
420 4213 565 4293 Pasiphae
585 4213 771 4294 publicasse,
799 4211 921 4270 minime
939 4220 1038 4269 tamen
1058 4202 1224 4283 Pasiphaen

114 4297 318 4380 inscripsisse,
349 4299 404 4361 sed
424 4297 579 4362 Cretenses.
629 4299 690 4360 Nec
711 4307 747 4358 tu
760 4295 834 4356 mihi
853 4296 893 4357 de
908 4291 1066 4376 Κρήσσαις
1079 4288 1139 4348 hoc
1154 4307 1225 4368 per·
