2950 4817
522 302 886 376 ANNOTATIONE&
1186 318 1264 399 517

237 440 312 557 rag}
335 480 385 546 79.
412 474 461 543 14.
484 470 638 558 Γλαύκην,
652 476 705 542 nat
719 483 778 543 τοῦ
789 459 942 559 Κρέοντος
951 482 1120 568 θυγατέρα]
1137 486 1191 550 stol
1201 488 1261 551 laoc

148 558 219 619 loco
231 560 387 638 παρέλκετε
411 562 525 622 Glauca
545 566 621 623 enim
637 563 704 642 ipsa
721 566 860 626 Creontis
874 568 933 626 luit
947 568 1017 631 lilia.
1045 572 1188 633 Fabulam
1204 573 1262 633 hu·
1353 566 1359 593 ⁴

148 643 204 705 bes
216 646 296 725 apud
312 647 511 725 Apollonium
521 646 619 709 llltod.
637 659 666 707 et
679 651 762 730 apud
773 650 850 712 lsac.
867 654 1005 714 Tretzem
1018 656 1050 715 ln
1065 658 1260 738 lycophron.

237 736 310 813 Pog.
332 736 384 798 79.
408 736 457 799 18.
479 731 554 811 μετοὶ
569 731 602 795 δὲ
617 736 726 799 &titur
744 734 848 817 ἡγεῖτο
875 740 932 800 τοῦ
961 738 1075 821 Iooosfl
1097 741 1261 827 Αἰγλοὶμό

147 816 405 897 Ζυβουλοονίτης]
435 818 508 878 Post
527 816 655 879 Thalam
684 820 824 899 quidem,
852 822 1014 902 interjectis
1041 835 1141 886 tamen
1168 828 1259 905 Jairo,

141 899 285 979 jephtha,
307 912 336 961 et
351 903 513 977 Essebone,
536 905 685 984 populum
701 906 899 968 lsraeliticum
908 908 1059 989 judicavit
1073 911 1149 972 Elon
1159 914 1260 973 Zabu-

144 986 270 1057 lenires,
291 1008 348 1067 per
360 1009 454 1048 annos
467 987 586 1049 decem:
608 998 642 1049 ut
658 990 765 1051 videre
784 1002 829 1053 eat
840 992 910 1053 lud.
927 1000 1101 1074 οορ.12.ν.
1118 1004 1167 1064 11.
1193 998 1259 1061 Ve-

143 1082 214 1131 rum·
224 1070 300 1132 haec
315 1074 413 1133 omnia
430 1074 614 1135 subsultorie
628 1074 665 1133 ab
681 1076 815 1137 Auctore
830 1078 943 1137 tradita
955 1090 1036 1141 sunt.

69 1218 74 1223 .
228 1154 303 1237 Pag·
322 1164 373 1225 79-
397 1164 449 1223 21.
475 1154 511 1232 ὃς
532 1158 647 1239 ἐγένετο
666 1158 767 1241 nutrio
794 1163 909 1241 Πίου]Ι
929 1164 1025 1225 Scrib.
1053 1170 1135 1229 Που.
1156 1168 1256 1231 Scn'ls.

141 1242 234 1303 etiam
251 1239 336 1325 Τρώς
351 1243 480 1322 ubique,
504 1264 563 1303 uon
585 1248 702 1326 Τροῖος,
725 1248 770 1305 uti
783 1258 889 1323 noster
901 1245 1005 1312 hebet.

231 1331 303 1407 Peg.
327 1333 378 1394 80.
400 1337 430 1395 3.
453 1322 571 1403 πάντας
583 1329 808 1412 προετρέψατο]
831 1333 870 1393 ad
885 1334 1066 1413 sevocavit,
1086 1356 1128 1395 sc.
1143 1337 1188 1410 εἰς
1201 1334 1258 1403 τόν

139 1408 355 1495 lyxosrsonc'r,
377 1424 413 1473 ut
423 1412 515 1474 hebet
529 1413 692 1476 Gedreuus.

233 1502 304 1578 ch·
327 1502 381 1564 80.
403 1504 433 1565 8.
453 1494 509 1562 τόν
528 1499 610 1561 l'dror
629 1494 727 1563 ου’τοῦ
740 1494 894 1581 οἶδελφδν]
915 1504 1061 1561 memoria
1083 1504 1188 1583 lapsus
1211 1516 1257 1567 est

138 1582 299 1643 librarius:
320 1587 386 1647 Scr.
402 1579 484 1647 υἱὸν.
527 1586 685 1644 Caeterum
700 1584 741 1643 de
760 1586 905 1661 Tantalo,
927 1588 999 1646 vide
1016 1588 1124 1648 Euseb.
1144 1588 1255 1651 Chrou.

138 1688 163 1727 r.
179 1677 248 1747 post
263 1690 294 1748 p.
311 1668 363 1733 84.
385 1679 416 1727 et
437 1668 578 1745 Scaliger,
600 1670 632 1727 in
654 1669 775 1728 locum:
796 1670 870 1731 item
889 1670 1016 1734 Cedren.
1041 1672 1199 1737 romeu.
1222 1697 1252 1757 p.

139 1757 193 1817 87.
207 1753 283 1826 Nat.
299 1754 407 1817 Gemit.
430 1774 461 1832 p.
475 1754 550 1819 335.
567 1754 684 1815 Helvio.
702 1775 733 1833 p.
747 1758 800 1819 31.

225 1839 303 1919 Peg.
319 1842 378 1903 82.
402 1842 453 1902 12.
478 1837 654 1922 luriculas]
678 1843 743 1903 Sor.
763 1831 921 1925 Ίυνδᾶρῳ.

227 1925 299 2001 Peg.
322 1926 373 1989 83.
395 1926 426 1988 3.
457 1919 615 2009 συντρόφῳ
634 1928 691 1985 τοῦ
707 1920 1152 2009 ΑγομέμνονοςῙΣυντροφον
1173 1928 1254 2006 Age·

136 2008 305 2067 memnonis
347 2008 516 2068 Menelaum
538 2008 690 2089 appellat,
712 2028 749 2068 eo
763 2010 865 2087 quod,
887 2020 923 2069 ut
944 2010 1011 2090 ipse
1032 2013 1169 2091 putavit,
1190 2035 1254 2073 nou

137 2094 249 2152 fratres
271 2102 358 2152 erant
379 2092 447 2168 sed,
471 2092 555 2171 apud
578 2100 722 2167 Atreum,
745 2094 978 2172 Agamemnonis
998 2106 1131 2175 patrem,
1152 2098 1254 2159 Mene·

136 2178 206 2237 leus
221 2178 382 2238 Plisthenis
398 2178 428 2239 l'.
446 2198 593 2239 unacum
613 2180 835 2255 Agamemnone
856 2184 1007 2241 enutritas
1023 2182 1132 2243 luerit:
1154 2192 1190 2243 ut
1200 2184 1253 2242 in-

137 2264 186 2323 t'ra
215 2283 356 2343 expresse
379 2263 454 2323 dicit
476 2263 526 2325 lib.
554 2263 585 2330 6.
630 2264 787 2324 Caeterum
810 2263 939 2325 anhaec
960 2267 1049 2326 etiam
1068 2266 1252 2346 Palaepheti,

138 2368 232 2428 quem
254 2358 357 2409 noster
381 2348 472 2425 citat,
503 2368 588 2409 mene
610 2350 720 2424 luerit,
751 2350 873 2429 penitus
898 2350 1063 2411 nescimuas
1098 2372 1138 2414 ex
1166 2352 1251 2414 libris

137 2434 220 2495 enirn
240 2429 467 2516 neptitatem
491 2435 643 2513 quinque,
666 2454 743 2513 qnos
761 2435 855 2493 Suida
871 2444 945 2495 teate
964 2438 1159 2517 conscripsit,
1181 2438 1253 2496 uni·

138 2540 194 2578 cus
208 2528 326 2580 tantum
343 2540 425 2579 nuno
437 2528 538 2597 extut,
562 2519 614 2598 qui
632 2522 747 2598 primus
763 2528 837 2582 eret.
881 2521 999 2581 Revera
1011 2531 1113 2582 tamen
1128 2532 1159 2582 et
1169 2522 1252 2599 Aga-

136 2624 276 2665 memnon
312 2615 343 2665 et
364 2606 517 2665 Menelaus
544 2604 703 2665 Plisthenis
717 2604 791 2678 filii,
814 2605 901 2665 Atrei
913 2624 989 2665 vero
1008 2616 1135 2687 nepotes
1151 2617 1253 2681 erant,

136 2689 276 2767 adeoque
292 2712 354 2750 non
369 2688 552 2750 connutritii
567 2698 700 2763 tantum,
725 2690 780 2750 sed
792 2690 902 2750 tratres
919 2691 1063 2769 germani.

225 2774 300 2857 Peg.
322 2780 373 2843 83.
396 2781 425 2841 8.
457 2774 630 2857 ἐβασίλευσε
651 2770 830 2855 Δάρδανος.
856 2771 927 2849 υἱός
949 2776 1051 2857 Illov]
1080 2778 1144 2841 Scr.
1167 2780 1249 2851 llcv,

136 2872 173 2923 ut
190 2880 282 2943 supra
295 2862 477 2923 monuimus.
522 2860 679 2919 Caeterum
696 2860 852 2920 Dardanus
868 2861 906 2919 lli
920 2869 1149 2941 presenserat,
1169 2860 1250 2921 lilius

136 2968 212 3011 vero
228 2948 311 3029 ejus,
334 2948 388 3025 qui
404 2966 472 3006 eum
487 2946 519 3005 in
533 2965 629 3023 regno
648 2946 808 3020 succeseit,
829 2946 1002 3007 Laomedon
1014 2946 1115 3007 dietus
1131 2955 1184 3010 est

225 3038 299 3115 Peg.
322 3036 372 3097 83.
394 3034 425 3097 9.
455 3036 518 3094 τοῖν
534 3026 700 3112 Ελλήνων,
721 3026 808 3095 τοῦτ’
832 3030 910 3108 ἔστι,
930 3036 987 3111 τῆς
1008 3028 1164 3111 Enetum]
1188 3033 1248 3091 Ce-

137 3118 252 3179 drenus
269 3116 379 3193 habet,
409 3120 471 3179 τῶν
494 3111 664 3196 Ελλήνων,
699 3116 831 3196 καὶτῆς
856 3112 1011 3194 mutor,
1043 3116 1127 3177 haud
1150 3127 1249 3177 recte:

136 3199 240 3277 utile
255 3203 331 3263 enim
346 3201 429 3281 apud
445 3204 591 3262 Autorcm
602 3202 685 3262 hunc
701 3202 822 3277 stricte,
845 3221 903 3281 pro
919 3203 1092 3280 particulari
1106 3202 1249 3260 Graeciae

134 3290 257 3367 regione
280 3287 425 3363 sumitur,
454 3288 500 3347 uti
524 3306 617 3367 supro
647 3288 838 3361 inseruimus,
869 3287 943 3346 licet
964 3306 1033 3347 eum
1060 3306 1168 3367 parum
1189 3285 1249 3344 sibi

134 3384 322 3435 constantem
338 3373 500 3433 observare
514 3373 683 3452 possimus,
702 3372 746 3431 ibi
767 3371 845 3431 euim
862 3370 1021 3450 Sicyonios
1041 3380 1133 3431 vocat
1149 3376 1248 3432 Ello·

133 3456 259 3536 δικούς,
291 3458 342 3518 hie
370 3459 551 3537 mirorum
581 3476 708 3535 regnum
739 3453 800 3537 τήν
822 3449 946 3520 Ελλάδα
974 3456 1117 3537 appellat.
1166 3454 1248 3515 Abas

133 3545 231 3621 enim,
252 3554 283 3605 ct
297 3546 440 3621 Proetus,
462 3544 645 3622 Argivorum
658 3562 744 3620 reges
760 3544 893 3602 luerunt.
1186 3570 1189 3573 ⁴

220 3629 295 3712 Peg.
317 3634 369 3699 84.
395 3634 425 3695 1.
458 3626 502 3711 μή
522 3634 622 3692 ποιεῖν
636 3632 739 3701 κακῶς
752 3632 794 3713 τῷ
808 3625 1029 3707 moestiores]
1059 3624 1103 3687 De
1117 3623 1247 3705 hospiti-

131 3716 193 3777 bus
208 3736 268 3775 non
285 3714 451 3791 violandis,
479 3714 552 3775 vide
572 3714 648 3773 lsac.
665 3714 824 3788 Taetzem,
852 3712 885 3771 in
901 3710 1093 3791 Lycophron.
1109 3711 1162 3789 qui
1175 3711 1247 3771 Ale·

130 3802 254 3861 xandro
267 3801 442 3882 exprobrat,
468 3798 549 3879 quod
566 3818 623 3880 pro
636 3798 791 3859 beneficiis
802 3798 834 3857 in
847 3797 936 3859 illum
949 3798 1050 3873 illatis,
1066 3796 1247 3872 Menelaum,

131 3896 239 3947 contra
254 3887 305 3968 jus
318 3888 439 3967 lacque,
461 3884 578 3966 injuriis
595 3884 736 3960 affecerit.
779 3883 838 3943 Ubi
856 3884 943 3942 etiam
955 3882 1067 3943 veteris
1074 3880 1247 3962 hospitibus

131 3972 227 4033 salem
249 3971 420 4053 apponendi
442 3970 668 4030 consuetudinis
688 3967 838 4031 meminits
866 3964 925 4031 tte
939 3964 973 4030 dl
992 3966 1118 4031 ἐτίθουν
1136 3966 1170 4030 οἱ
1181 3990 1247 4028 sros·

131 4057 216 4121 λοιοὶ
230 4056 264 4121 ἔν
275 4064 341 4133 ταῖς
354 4063 415 4121 τοῖν
429 4059 539 4132 §evim
552 4062 712 4137 κατυρχαῖς
727 4057 928 4136 συμβολικῶς,
938 4046 1131 4134 ἐπευχόμενοι
1145 4046 1245 4132 ὅσπερ

130 4140 190 4217 ἃλς
205 4142 238 4206 ἐκ
253 4140 309 4205 δύο
326 4139 469 4221 φύσεων,
491 4146 547 4245 τοῖς
565 4135 744 4215 ὕδατοὶδους
767 4140 821 4203 sol
835 4139 970 4221 'rtatim
999 4139 1043 4211 εἰς
1061 4138 1135 4218 μίαν
1149 4129 1247 4215 φύσιν

130 4224 232 4314 ἐπάγῃ
245 4226 303 4307 τήν
316 4233 373 4293 τοῦ
388 4223 471 4302 ἁλός,
494 4250 575 4290 ουτω
589 4232 724 4309 παγῆναι
739 4224 791 4287 καὶ
809 4219 936 4297 τούτους
948 4224 993 4299 εἰς
1004 4225 1078 4305 μίαν
1092 4215 1243 4304 ὁμόνοιαν.

219 4317 297 4398 Peg.
319 4320 371 4383 84.
393 4320 422 4383 2.
454 4312 562 4395 ulyssea
578 4306 684 4386 ου’τὸν]
709 4312 810 4383 Poste,
831 4308 954 4390 πέμψω.
1059 4322 1062 4327 ’
