2950 4817
149 372 153 380 ,
243 280 316 352 τοο
538 266 1039 339 10Annrsmnnsnsn

240 453 364 527 Χολίας
384 452 417 516 ἔκ
433 452 568 539 Τρίκκης
583 451 641 517 oali
654 452 744 535 νηυσί
759 446 804 533 μ’,
830 451 988 527 Λεοντεὺς
1008 454 1059 517 καί
1072 447 1265 536 Πολυπήτης
1284 451 1342 516 cdv

240 556 330 639 νηυσί
346 552 390 636 μ’,
421 554 629 643 Ἄμφιγενείας
651 556 683 631 ἐξ
705 554 798 619 Ἰλίου
821 554 879 620 σόν
900 557 990 637 νηυσί
1010 552 1071 639 μγ’,
1106 554 1343 631 Μενεσθεδςίξ

236 660 378 743 Ἀθηνῶν
393 661 482 742 νηυσί
497 656 535 738 ν’,
560 657 729 739 Ἰδομενεδς
752 661 802 721 καλ
820 655 981 741 Μηριόνης
1003 660 1036 722 lx
1050 654 1177 742 Κρήτης
1195 658 1252 723 σόν
1266 683 1343 741 νηυ-

129 746 154 800 ⁰
174 746 231 867 ¹3ss
243 765 291 827 σίν
306 758 350 841 π’,
372 760 541 837 Ὀδυσσεδς
554 764 587 825 dx
605 763 803 847 Κεφαληνίας
821 758 949 844 Ἰθάκης
965 760 1022 825 σόν
1045 764 1152 844 νηυσίν
1172 758 1225 843 ιβ,
1255 766 1344 844 Τλη-

173 940 176 955 Ι
243 863 376 947 πόλεμος
395 864 452 929 οὖν
475 866 582 948 νηυσλν
606 860 652 943 θ’,
680 864 766 938 Αίας
787 860 948 946 ὃΛοκρδς
969 862 1027 928 σδν
1048 866 1155 947 νηυσίν
1174 860 1220 943 θ’,
1242 862 1371 946 Ἀγά-5

240 968 311 1043 laic
335 969 369 1033 dx
392 972 448 1032 rosi
466 966 596 1051 ’Ἄργους
622 972 677 1049 τῆς
694 964 843 1042 Ἑλλάδος
864 966 921 1031 σὺν
937 964 1114 1055 Πατρόκλῳ
1128 967 1185 1032 σδν
1199 968 1289 1050 νηυσί
1302 964 1342 1046 ν’,

240 1073 462 1155 Πρωτεσίλαος
478 1072 529 1134 καὶ
543 1066 714 1153 Ποδάρκης
730 1069 788 1133 σάν
802 1072 892 1152 νηυσί
905 1067 949 1152 μ’,
977 1068 1176 1153 Παλαμήδης
1192 1070 1249 1134 σὺν
1268 1094 1345 1152 νηυ-

242 1171 340 1255 σλιβ,
371 1169 564 1255 Φιλοκτήτης
577 1174 610 1235 ίκ
624 1168 784 1255 Μαθόνης
805 1174 862 1237 σόν
884 1175 991 1256 νηυσίν
1010 1170 1070 1253 κβ,
1099 1170 1252 1257 Σεόρθης,
1284 1173 1345 1237 Φί-

241 1282 368 1358 λιππος,
389 1274 535 1362 ’Ἄντιφος
559 1274 616 1340 σόν
632 1278 741 1358 νηυσίν
761 1271 818 1359 οη’.
872 1276 906 1342 αἱ
927 1282 1023 1340 πᾶσαν
1037 1281 1106 1359 νῆες
1118 1271 1344 1357 τῶνἙλλήνων

242 1376 330 1469 μοι’.
373 1380 407 1444 οἳ
418 1379 612 1443 ἀπέπλευσαν
626 1378 705 1442 κατὰ
720 1378 759 1443 τὰ
776 1378 841 1443 idio
854 1382 1000 1460 μανδᾶτα
1014 1385 1138 1464 πρῶτον
1152 1381 1195 1453 εἰς
1206 1377 1261 1461 τήν
1273 1378 1389 1442 Asi-10

150 1494 175 1548 V
192 1490 227 1549 45
244 1484 315 1547 λίδα
334 1479 457 1565 χώραν,
485 1476 627 1545 κιλιξεΐθεν
646 1479 823 1556 ἐπιστάντες
835 1488 873 1568 τῇ
886 1479 974 1569 χιόρη
991 1488 1055 1545 τῶν
1073 1485 1205 1564 Φρυγῶν
1222 1478 1346 1565 ἐξεπόρ-

241 1592 348 1668 θησαν
380 1584 420 1648 τό
452 1583 555 1648 αὐτῶν
583 1588 743 1664 βασίλεια,
774 1581 817 1658 ὥς
841 1586 1083 1669 προγέγραπται,
1110 1582 1346 1664 παραλαβόντες

241 1689 389 1770 Πρίαμον
410 1686 540 1766 βασιλία
562 1689 611 1749 καί
636 1684 839 1773 φονεύσαντες
857 1684 951 1751 αὐτὸν
968 1689 1019 1750 καί
1037 1682 1171 1767 Ἑκάβην
1184 1688 1343 1769 βασιλίδα,

241 1790 316 1864 τοδς
329 1790 362 1853 δὲ
378 1788 480 1853 αὐτῶν
499 1789 614 1863 παῖδας
631 1786 847 1870 αἰχμαλώτους
867 1786 1026 1875 εἰληφότες
1041 1791 1091 1852 καλ
1108 1784 1209 1853 πάντα
1225 1788 1265 1852 τά
1282 1794 1347 1868 βα-

242 1894 338 1957 σίλεια
356 1888 598 1971 διαρπασάμενοι
612 1888 810 1974 ὑπέστρεψαν
827 1895 869 1967 είς
882 1891 940 1967 τὰς
957 1893 1037 1966 ἰδίας
1047 1889 1163 1974 χώρας.
1201 1891 1345 1973 κατέσχεν
1355 1900 1390 1955 15

243 1988 297 2061 οὖν
310 1991 329 2077 ἦ
344 1994 486 2076 βασιλεία
498 1992 626 2077 Ἐφέσου
642 1999 697 2077 τῆς
708 1994 812 2069 Ἀσίας
823 1992 926 2077 πάσης
939 1996 990 2058 καλ
1006 1996 1121 2080 Τροίης
1133 2000 1190 2077 τῆς
1206 1995 1347 2080 Φρυγίας

241 2098 281 2164 τά
297 2096 398 2173 πάντα
415 2096 467 2178 λ’τη
486 2094 567 2163 ωιθ’.

128 2215 154 2268 0
175 2216 224 2271 1³7
319 2200 414 2267 Μετὰ
430 2192 484 2263 οὖν
499 2196 685 2280 τὴνάλιοσιν
699 2206 754 2282 τῆς
771 2199 888 2284 Τροίης
901 2194 1014 2273 πάντες
1027 2198 1057 2264 oi
1079 2196 1194 2281 Ἀχαιοί
1216 2196 1347 2295 μερφά-

239 2328 326 2386 μενοι
349 2302 406 2386 τὴν
428 2304 564 2387 πραῖδαν
582 2302 632 2365 καί
653 2302 692 2365 τὰ
711 2300 876 2387 χρήματα,
904 2290 1072 2385 ἐξορμῆσαι
1094 2298 1277 2385 βουλόμενοι
1298 2302 1346 2365 tul

240 2407 297 2483 τάς
311 2406 393 2481 ίδίας
407 2406 578 2490 πατρίδας,
606 2404 661 2478 τὰς
684 2412 760 2480 ναῦς
785 2402 903 2469 ἑαυτῶν
927 2401 1157 2485 ἑτοιμάσαντες,
1190 2404 1262 2469 ίνιοι
1287 2407 1390 2487 privio

200 2522 224 2575 Β
242 2508 452 2587 ελπίπλευσαν,
481 2509 607 2593 φανεροί
623 2508 657 2571 δὲ
669 2508 888 2593 προσίμειναν,
914 2507 1055 2581 Αἴαντος
1072 2513 1129 2571 τοῦ
1144 2510 1346 2588 Τελαμωνίου

238 2615 290 2679 καί
311 2610 487 2685 Ὀδυσσέως
503 2612 553 2674 καλ
569 2608 750 2691 Διομήδους
769 2613 813 2688 εἰς
831 2607 936 2693 μάχην
950 2606 1118 2675 ἐλθόντοιν.
1171 2606 1189 2675 ό
1206 2610 1267 2696 γὰρ
1284 2616 1346 2675 Τε-

309 2776 335 2830 8.
361 2770 403 2845 κβ
410 2774 421 2843 ]
445 2772 567 2825 Omisisse
590 2772 709 2825 nonnulla
730 2772 837 2825 videtur
854 2772 924 2827 One
946 2770 1008 2826 vide
1024 2771 1266 2843 interpretationem
1282 2772 1346 2827 lau-

308 2859 376 2895 nam.
445 2844 489 2897 21.
512 2844 685 2911 Τελαμονίου
703 2842 756 2894 Ox.

242 2979 354 3044 Tricca,
372 2994 429 3033 cum
447 2978 554 3033 navibus
572 2996 615 3033 τι..
640 2980 784 3045 Leonteus,
801 2986 829 3033 et
844 2980 1000 3050 Polypetes,
1018 2996 1074 3032 cum
1090 2977 1199 3031 neribus
1216 2994 1260 3032 τα.
1284 2980 1348 3033 Ατο-

241 3048 390 3121 phigenies,
418 3050 530 3112 exilio,
548 3049 727 3103 cumnnvibus
745 3065 821 3101 xum.
857 3049 1021 3102 Menestheus
1038 3066 1070 3101 ex
1084 3048 1205 3111 Athenis,
1224 3066 1281 3100 cum
1297 3067 1347 3101 ns-

240 3118 315 3171 vlhus
332 3132 358 3170 r..
395 3116 561 3183 Idomeneus,
588 3126 616 3170 et
633 3119 779 3182 Meriones,
807 3134 839 3171 ex
857 3117 953 3184 Creta,
977 3134 1035 3170 cum
1051 3118 1158 3170 navibus
1175 3134 1238 3170 xxc.
1272 3117 1347 3169 Ulis-

241 3204 296 3252 ses,
314 3204 347 3240 ex
365 3186 455 3240 Ithace
472 3185 659 3269 cephaleniae,
684 3204 741 3240 cnm
759 3186 864 3239 nuribus
881 3202 929 3238 an.
965 3185 1143 3255 Tlepolemus,
1162 3202 1219 3239 cum
1235 3188 1346 3240 naribus

242 3272 278 3309 rx.
315 3256 381 3324 Ajex
397 3256 545 3319 Locrensis,
571 3272 627 3309 cum
647 3257 755 3309 necibus
772 3272 808 3308 ιιι.
844 3256 971 3318 Achilles,
997 3264 1025 3308 et
1042 3255 1191 3317 Patroclus,
1217 3272 1251 3307 ex
1270 3256 1346 3325 Argis

240 3326 373 3389 Helladis,
405 3342 461 3378 cnm
483 3326 591 3379 navibus
608 3342 634 3378 n.
669 3326 842 3388 Protesilaus,
868 3332 897 3377 et
921 3323 1065 3389 Podarces,
1092 3340 1148 3376 curn
1173 3323 1281 3377 neribus
1301 3342 1345 3377 ru.

240 3394 407 3459 Palamedes,
425 3412 480 3449 cum
498 3395 606 3448 navibus
624 3410 669 3447 xri.
704 3394 878 3457 Philoctetes,
897 3410 930 3447 ex
943 3392 1085 3457 Mothone,
1103 3410 1160 3444 cuna
1176 3394 1284 3445 navibus
1297 3408 1347 3445 ττι.

240 3462 356 3526 Nereus,
384 3480 416 3515 ex
439 3464 592 3526 Perrhebis,
620 3482 677 3516 cum
701 3463 809 3515 novibus
832 3478 898 3514 κατι.
939 3462 1064 3526 Sartha,
1090 3460 1239 3533 Philippus,
1268 3472 1347 3531 utque

240 3531 383 3600 Antiphus,
415 3548 471 3585 cum
494 3532 603 3585 nuribus
626 3548 736 3584 nxxvnr.
773 3534 843 3584 Sunt
866 3537 951 3585 autem
977 3547 1063 3585 omnes
1081 3532 1241 3583 Graecorum
1266 3547 1346 3583 naves

240 3616 346 3653 numero
364 3616 442 3652 moen.
479 3601 576 3655 Graeci
594 3617 671 3663 vero,
696 3602 774 3668 juxta
790 3616 823 3652 ac
838 3599 908 3652 inter
923 3618 952 3652 se
967 3598 1100 3653 decretum
1119 3600 1219 3663 luerat,
1237 3599 1346 3653 navibus

239 3666 395 3733 conscensis,
412 3668 439 3719 in
453 3668 567 3723 Aulidem
585 3669 716 3737 regionem
734 3668 843 3738 primum
858 3668 938 3721 delati
956 3677 1029 3721 sont:
1048 3668 1110 3722 inde
1127 3685 1189 3721 vero
1203 3668 1346 3738 Phrygiam

239 3736 372 3807 aggressi,
389 3736 548 3807 vastatisque
565 3738 699 3806 Phrygum
716 3737 881 3821 regionibus,
898 3738 936 3789 uti
954 3738 1070 3805 superius
1088 3736 1199 3802 dictum,
1214 3738 1346 3791 Priamum

237 3823 343 3875 regem,
367 3806 553 3876 Hecubamque
568 3808 684 3875 reginum
707 3805 923 3859 occidederunt:
953 3805 1092 3876 liberisque
1109 3824 1197 3861 eorum
1215 3806 1346 3869 abductis,

238 3876 381 3945 opibusque
404 3873 536 3945 Phrygum
559 3874 667 3943 direptis
690 3876 803 3929 omnibus
825 3875 924 3927 reversi
947 3882 1006 3928 sunt
1030 3875 1138 3944 quisque
1161 3876 1189 3927 in
1212 3876 1346 3945 regionem

238 3962 316 3997 suem.
353 3943 465 3996 Dumrit
481 3946 571 4014 itaque
587 3960 694 4013 regnum
713 3945 884 4015 Epheslnum,
902 3944 972 4011 quod
988 3944 1089 4013 Trojee
1103 3945 1268 4014 Phrygienee
1284 3946 1346 4008 tuit,

238 4022 318 4083 atque
336 4013 412 4067 Asiae
430 4013 523 4079 totius,
541 4014 567 4065 in
585 4016 727 4067 urrioersum
745 4030 825 4067 annos
842 4028 951 4066 ccuxtx.

219 4100 222 4110 ¹
306 4081 391 4149 Troia
408 4088 501 4150 cepta,
528 4082 620 4151 Argivi
644 4084 741 4153 pruedn
767 4082 835 4135 omni
862 4080 1027 4152 pecuniisque
1044 4080 1114 4134 inter
1131 4100 1158 4135 ae
1175 4079 1263 4134 divisis
1278 4080 1345 4133 eles·

236 4166 289 4203 scm
307 4150 484 4215 adornabant,
511 4150 538 4202 in
563 4151 672 4221 petriam
690 4152 798 4222 quisque
817 4168 887 4203 suem
909 4150 1047 4203 reversuri.
1083 4150 1248 4203 solventibus
1262 4150 1346 4219 igitur

238 4218 381 4285 nonnullis,
398 4227 575 4273 remanserunt
592 4229 677 4273 temen
696 4220 812 4285 plurimi,
830 4221 864 4272 ob
882 4218 1071 4272 contentionem
1087 4219 1156 4272 inter
1173 4221 1278 4288 Ajacem
1289 4218 1347 4270 ‘Pe-

238 4287 390 4354 lemonium,
409 4288 534 4355 Ulissem,
551 4306 583 4343 ac
595 4288 759 4355 Diomedem,
777 4290 902 4343 obortam
938 4288 1005 4357 Ajar
1022 4288 1089 4342 euim
1102 4287 1268 4343 Telamonius
1283 4286 1346 4339 Pal-
