2950 4817
547 271 775 346 nutsuolA.
1145 283 1223 360 685

280 447 404 530 Πυτρθς
420 492 530 514 ......
548 442 708 532 ὅμοοθσιος
724 445 861 530 ἄφθιτος
877 449 938 518 olel
1041 457 1044 461 ’

280 534 439 619 Haeduum
452 533 511 601 σθν
520 531 630 622 κου’τφ
643 535 719 622 τληλφ
731 535 783 599 κοιλ
801 536 970 619 σπέρματος
981 531 1071 620 sinai.

195 619 264 680 Uno
277 622 389 700 verbo,
411 643 451 683 ne
468 624 602 698 nescias,
624 632 656 682 te
676 623 825 683 monitum
842 623 934 683 velim
953 624 986 683 in
1004 625 1083 683 libro
1099 621 1161 684 MS.
1176 623 1222 684 sic

106 702 187 785 legi:
209 710 267 768 aori
282 701 527 792 τῖττοιταγγτνὲτης
549 700 843 804 νοεριθτεροςιλόγος
857 703 991 786 ἄφθιτος
1002 707 1071 784 vido
1086 701 1222 792 ἄκου’γα-

108 809 181 872 σμοι.
226 791 288 852 sad
301 789 377 853 nihil
394 793 608 867 eratsacilins,
633 813 722 873 quam
735 813 768 852 m
785 813 893 854 versus
911 793 1099 859 coricinnere.
1144 795 1223 869 Qui-

106 878 159 936 vis
175 877 265 938 etiam
285 877 445 939 emendare
461 879 559 958 possit
572 879 775 954 Κολοφωνίου
789 877 839 938 vel
857 877 890 941 ἐκ
902 883 1100 957 Κολοφῶνος.
1142 879 1223 940 lllud

107 962 238 1022 fortasse
254 963 425 1044 plusculum
439 962 532 1024 habat
547 962 750 1038 difficultatis,
772 964 909 1042 quisnam
928 965 968 1024 sit
986 965 1039 1023 ille
1056 965 1222 1025 Antiochus

107 1048 283 1128 conjectura
308 1051 439 1129 assequi.
490 1049 528 1110 Et
550 1049 689 1129 prolecto
713 1049 803 1109 nimis
826 1049 919 1109 velim
941 1059 1057 1111 exteret
1078 1051 1223 1111 Nicandri

108 1132 292 1214 Colophonii
304 1133 383 1195 liber
400 1133 470 1217 aspi
482 1139 545 1197 raia
564 1133 598 1198 ἐκ
619 1138 808 1212 Κολοφῶνος
829 1139 983 1214 ποιητῶν·
1003 1139 1115 1196 mirum
1132 1138 1221 1213 enim,

106 1220 143 1278 ni
162 1239 200 1278 ex
223 1220 316 1278 animi
337 1221 482 1281 sententia
504 1214 564 1278 hoc
588 1219 741 1296 negotium
763 1217 988 1280 conficeremus.
1031 1222 1120 1280 Nunc
1135 1241 1223 1294 vero,

107 1303 356 1386 qnandoquidem
378 1306 435 1364 iste
453 1305 547 1380 liber,
569 1314 604 1364 ut
624 1305 683 1364 alia
705 1305 803 1366 omnia
822 1301 916 1381 notai,
937 1305 988 1365 vel
1004 1305 1150 1384 flammis,
1170 1307 1223 1366 vel

35 1385 36 1390 ’
105 1387 253 1466 humore,
274 1389 325 1450 vel
340 1389 488 1451 inertibus
502 1389 589 1450 tineis
604 1399 777 1450 consumtus
792 1399 852 1461 est3
873 1409 941 1448 eum
959 1391 1106 1470 optimum
1120 1401 1222 1452 vatem

106 1475 309 1552 arbitremur,
332 1477 386 1556 qni
398 1474 475 1534 illud
487 1473 520 1534 in
534 1495 568 1536 re
581 1483 645 1534 tam
659 1475 785 1554 ancipiti
801 1475 980 1554 protulerit,
1003 1478 1086 1556 qnod
1102 1477 1142 1536 sit
1156 1479 1223 1536 veri

104 1560 302 1620 simillimum.
347 1560 528 1640 Opportune
547 1569 648 1619 autem
673 1561 811 1620 venitin
832 1569 960 1619 mentem
982 1561 1163 1643 Xenophsni
1176 1561 1224 1622 illi

107 1644 300 1726 Colophonio
315 1643 411 1704 filium
430 1645 522 1704 luisse
537 1644 656 1704 nomine
670 1643 871 1720 Antiochum,
893 1665 981 1724 quem
996 1666 1045 1706 rea
1061 1647 1178 1707 Siculas
1193 1656 1224 1706 et
1287 1707 1299 1734 ι

104 1730 228 1792 Italicus
242 1731 397 1809 scripsisse
413 1729 501 1788 multi
515 1738 761 1789 commemorant.
804 1731 917 1788 Verum
932 1730 1043 1790 accidit
1053 1732 1224 1812 perincom.
1280 1749 1283 1756 ·

104 1816 213 1893 mods,
236 1815 363 1894 quadis
385 1813 442 1874 etsi
468 1823 555 1894 patre
577 1823 666 1873 natus
691 1812 898 1893 Colophonio,
927 1824 1026 1875 tamen
1048 1817 1148 1877 nascio
1169 1817 1224 1895 qui

105 1902 286 1981 Syracusius
305 1909 444 1961 vocetur.
488 1899 574 1959 Alius
594 1898 722 1980 proinde
749 1898 929 1979 quatiendus
954 1911 998 1959 est
1020 1900 1110 1966 suuis.
1153 1902 1223 1962 Pla·

106 1996 194 2047 cetne
217 1994 252 2045 ut
272 2005 332 2092 pro
355 1981 506 2044 Antiocho
528 1993 694 2063 reponatur
709 1983 919 2064 Antiphanes?
941 1984 1111 2046 Athenaeus
1122 1987 1176 2048 lib.
1192 1992 1222 2052 7.
1238 1997 1265 2050 0
1282 1997 1300 2050 9

105 2075 311 2174 Βξνημονευει
323 2066 421 2134 αὐτοῦ
434 2062 617 2151 Ανιιφοὶνης
630 2067 650 2134 d
664 2065 868 2150 Κολοφώνιος
879 2068 914 2135 ἓν
928 2074 968 2158 τῇ
982 2073 1115 2154 Θηβαΐδι
1127 2070 1223 2155 λέγων

105 2179 189 2222 ουτοι

191 2181 221 2236 θ’
274 2245 312 2303 H
317 2235 434 2321 θκκην,
454 2233 478 2321 ἢ
494 2238 607 2316 λοιπον,
629 2233 703 2320 viiiv
716 2240 824 2322 κίχλην
836 2237 1007 2305 καλέουσιν.

192 2323 250 2386 Sed
267 2323 341 2386 mihi
362 2321 468 2402 crede,
490 2345 640 2404 nusquam
657 2325 717 2384 suit
736 2325 868 2403 gentium
891 2324 1075 2404 Antiphanes
1097 2326 1150 2386 illa
1164 2327 1226 2386 Co-

103 2409 289 2492 lophonius:
326 2411 465 2490 Quippe,
504 2410 589 2489 quod
613 2433 630 2470 a
657 2411 832 2470 doctissimo
863 2411 1042 2470 Casaubono
1067 2432 1129 2471 non
1157 2413 1225 2470 ani·

104 2498 298 2557 madversum
313 2515 378 2556 esse
392 2495 543 2569 demiror,
566 2515 623 2575 pro
645 2495 851 2556 commentitio
867 2497 928 2556 isto
942 2494 1112 2576 Antiphane
1133 2515 1225 2574 repo-

104 2581 222 2642 nendus
246 2590 290 2642 cst
310 2579 524 2656 Antimachus,
551 2579 727 2640 notissimus
759 2590 849 2640 sutor
865 2579 1036 2640 Thebaidos
1064 2591 1094 2640 et
1115 2581 1224 2660 Lydes,

104 2669 154 2727 nti
178 2674 344 2726 memorant
368 2667 433 2746 ipse
460 2663 633 2726 Athenaeus
651 2665 740 2742 alibi,
769 2664 1017 2744 Etymologicon,
1046 2663 1225 2746 Hesychius,

105 2751 234 2831 Suidss,
258 2751 481 2827 Quintilianus,
504 2750 614 2830 aliique
637 2751 714 2810 bene
733 2749 831 2810 multi.
874 2749 952 2810 Huic
975 2759 1075 2810 autem
1089 2750 1225 2811 Antima-

107 2837 167 2898 cho
181 2838 233 2900 τίοι
247 2835 383 2915 equidem
395 2836 501 2896 dubito
521 2837 595 2914 quin
611 2833 738 2916 putidos
756 2833 813 2895 hos
835 2854 942 2895 versus
960 2834 1099 2914 affingere
1113 2836 1224 2896 τολοο-

105 2924 179 2985 riut.
224 2923 293 2996 Quo
308 2919 430 3000 quidam
449 2921 576 2981 consilio
595 2919 671 2981 nihil
683 2919 884 2980 inconsultius
902 2941 966 2981 esse
980 2921 1081 3001 potuit
1101 2931 1154 2980 aut
1170 2921 1226 2981 de-

105 3007 246 3072 mentius.
290 3005 417 3068 Procles
437 3006 469 3068 in
492 3006 715 3067 Commentario
730 3004 845 3065 Timaei
865 3005 1052 3086 distinguens
1072 3007 1223 3087 poetieam

106 3093 226 3158 ἔνθουν
240 3084 302 3154 dud
319 3095 374 3172 τῆς
387 3095 542 3174 τεχνικῆς,
562 3091 646 3152 illius
662 3091 835 3170 exemplum
852 3087 924 3166 τοθς
938 3087 1107 3175 χρησμοθς,
1129 3091 1223 3170 hujus

104 3176 142 3243 το“
161 3173 364 3258 Λντιμοὶχιιον
377 3178 473 3257 ponit.
515 3176 602 3237 Adeo
621 3187 655 3237 ut
675 3174 889 3236 Antimachum
907 3177 1144 3258 χρησμῳδοῦντα
1163 3177 1224 3235 iin-

106 3284 195 3344 gere,
216 3262 257 3323 sit
271 3283 398 3344 prorsus
421 3259 488 3326 ἅνω
509 3265 665 3342 ποταμοῖν.
708 3261 805 3320 Totus
830 3270 894 3320 erat
910 3259 1102 3321 Antimachus
1114 3262 1146 3320 in
1161 3271 1224 3321 arte

105 3360 258 3429 ctopera:
280 3347 356 3408 nihil
378 3347 485 3408 habuit
506 3345 537 3423 ἔξ
559 3345 802 3428 ἐνθουσιασμοῦ,
825 3343 900 3405 nihil
922 3367 962 3406 ex
982 3346 1087 3407 afflatu
1101 3346 1223 3422 luroris,

105 3444 138 3496 et
154 3431 274 3494 coelesti
288 3433 344 3493 illo
359 3433 468 3494 mantis
484 3432 647 3510 instinctu,
670 3432 734 3493 sine
755 3451 816 3512 quc
828 3430 948 3492 nullutn
965 3452 1075 3514 poema
1093 3432 1159 3492 sani
1171 3451 1224 3491 co·

104 3519 197 3595 loris,
218 3518 331 3580 nedum
347 3519 479 3581 Oracnla
494 3518 579 3580 nasci
592 3517 719 3599 possint.

646 3621 686 3680 X.

152 3715 314 3804 Εμιότησις
329 3719 460 3801 Ιοὶσονος
472 3719 619 3808 βασιλέος
633 3725 697 3784 τοῖν
711 3724 924 3803 Αργονοιυτιὸν
939 3721 984 3799 οἷς
1003 3714 1038 3788 ιθ
1053 3717 1182 3786 Πύθιον

529 3811 586 3873 τοῦ
604 3800 798 3882 Λπόλλωνος.

34 3948 38 3969 .
195 3902 420 3992 Προφήτευσον
434 3907 531 3993 ἡμῖν,
551 3913 707 3994 Honorias
724 3905 816 3974 Τιιᾶν
835 3919 867 3971 et
884 3929 963 3990 quas
981 3916 1167 3990 sequuntur3
1189 3911 1226 3966 ut

104 3993 202 4058 habet
216 3995 341 4058 Malelss
354 4017 388 4078 p.
402 3991 454 4063 94.

637 4094 699 4161 XI.

580 4192 757 4273 Πλάτωνος.

195 4281 317 4364 liveris
335 4279 437 4363 ου’ᾰιλς
460 4281 567 4366 incude
591 4277 717 4370 ηνολμης
737 4277 880 4365 daunais
907 4280 985 4349 ἰδεῖν
1008 4271 1221 4362 αἰσθητήριον.
