2950 4817
233 234 308 307 738
762 217 970 287 BENTLEII

232 395 600 485 ἦοογκοτοκεθειμὲνος.
651 390 805 475 Αἰσχύλος
833 398 1002 476 Προμηθεῖ
1019 388 1169 478 δεσμώτῃ.
1202 391 1291 466 lege,
1331 384 1377 485 οὗ

234 510 317 570 onya.
333 489 396 547 sine
409 507 552 547 consensu
567 498 594 543 et
608 482 822 564 approbatione
840 479 1018 563 reliquorum
1035 476 1168 539 deornm.
1211 478 1390 555 Respexit·

232 573 369 635 adhunc
391 573 507 631 locum:
538 568 736 648 nequeenim
758 566 1047 626 alibiineafabula
1074 564 1222 625 occurrit.
1267 562 1376 621 Plane
1441 634 1442 641 ἵ

230 669 290 742 Jarn
304 659 462 739 imperitus
476 656 516 716 sit
529 663 661 735 oportet,
683 663 735 712 aut
751 654 788 712 ab
807 652 973 711 invidentia
984 651 1114 725 laboret,
1138 650 1192 728 qui
1210 647 1251 707 de
1264 654 1376 723 θεμε·

231 752 330 824 ooinsv
343 754 449 805 contra
467 743 580 803 veniat.
623 739 833 818 Experiamur,
856 738 929 818 quid
943 739 975 797 in
985 738 1110 797 alteram
1125 744 1247 815 partem
1260 732 1376 812 possit
1441 726 1442 789 l

231 832 307 892 haec
323 829 505 889 observatio.
528 824 713 905 Hesychius:
745 831 917 905 Ενοοτρος,
938 830 954 859 *
969 820 1156 904 oiorepivng,
1179 816 1295 897 οἷχαιός
1312 812 1375 878 α’λ-

231 918 387 997 φεσίβοιοι
411 908 480 975 teet
491 916 549 975 τοῦ
563 907 677 983 decede
696 906 755 993 γὰρ
772 903 888 989 βάκχος
901 904 1000 981 didere
1021 908 1132 992 ἔλεγον.
1177 902 1372 981 Prodigiosa

231 1026 322 1108 plane
343 1022 452 1083 oratio.
498 1021 588 1079 Nunc
610 1017 744 1077 vicissim
767 1041 780 1079 e
801 1018 932 1075 mutain
947 1040 995 1093 οι,
1020 1024 1052 1075 et
1069 1015 1143 1091 lege.
1196 1015 1372 1084 Εοοστρος

232 1107 307 1174 ὥστε
326 1102 471 1180 Meranda·
506 1100 617 1185 Αχοκός
636 1104 836 1187 Αλφεσιβοίᾳ.
865 1096 934 1165 einai
948 1106 1006 1163 τοῦ
1027 1096 1096 1174 tlte.
1126 1094 1183 1170 vele
1198 1092 1261 1177 yda
1276 1088 1368 1156 Beier·

232 1221 286 1279 χος
298 1188 402 1267 Ῥόδος
420 1193 532 1273 ἔλεγον.
560 1190 718 1268 Agnoscis,
731 1190 848 1267 opinor,
860 1187 1046 1269 principium
1062 1186 1172 1244 senarii
1188 1200 1231 1241 ex
1247 1179 1365 1239 Achaei

233 1304 336 1363 sabula
360 1297 570 1379 Alphesiboea.
611 1296 767 1364 „Similiter
787 1318 816 1357 os
833 1295 944 1375 passim
961 1294 1032 1353 loco
1053 1318 1081 1355 υ.
1104 1287 1241 1369 Hesych.
1266 1288 1369 1366 Koiq-

234 1413 291 1469 pu,
313 1385 438 1468 γένημο.
471 1404 529 1463 pro
552 1378 676 1461 Κύημα.
708 1391 738 1439 et
758 1382 827 1439 vice
848 1400 934 1440 versa
948 1384 1126 1459 Ssuperior,
1162 1378 1368 1438 damnosior.

232 1493 291 1554 pro
308 1472 507 1545 Στοιχειοῦσι.
551 1468 648 1527 Idem:
678 1466 886 1543 Στοιχείωσις,
910 1459 1108 1537 deminuere,
1130 1460 1155 1540 ἦ
1176 1453 1293 1541 πρώτη
1308 1456 1367 1537 pri·
1441 1487 1442 1541 κ

231 1566 333 1637 θησις.
377 1544 603 1651 ltaque—suidas
619 1554 650 1612 in
665 1550 777 1611 Lexico
792 1546 998 1628 diphthongos
1020 1570 1052 1608 αι
1074 1556 1104 1605 et
1123 1571 1155 1608 os
1169 1546 1275 1603 alieno
1292 1545 1366 1603 loco
1441 1562 1442 1627 ξ

231 1665 371 1749 proxime
391 1669 496 1721 antee
525 1642 604 1723 eto·
625 1656 798 1717 collocavit.
852 1654 944 1713 Extat
964 1652 996 1711 in
1015 1650 1208 1712 Bibliotheca
1233 1652 1365 1731 publica
1441 1686 1442 1743 3

233 1748 344 1808 Oxonii
364 1746 442 1806 liber
464 1744 589 1818 antiqua
611 1758 703 1798 mann
726 1746 866 1814 notatus,
897 1740 1052 1799 continens
1077 1738 1160 1797 mille
1181 1738 1364 1815 regulssde

230 1847 317 1895 recta
329 1826 480 1890 scribendi
489 1826 619 1885 ratione:
642 1844 769 1903 quarum
779 1822 1062 1903 xndocentquando
1072 1848 1103 1885 αι
1118 1824 1364 1903 scribereopor·

231 1949 304 2010 teat,
325 1945 355 1994 et
370 1932 490 2013 quando
511 1955 550 1994 o:
582 1930 766 2010 totidemque
782 1929 835 1988 ubi
855 1953 900 2003 os,
922 1940 953 1989 et
966 1930 1020 1988 ubi
1040 1910 1072 1991 i]
1114 1931 1192 1989 Eum
1207 1930 1360 2005 codicem,

140 2038 215 2093 V39
233 2044 301 2084 cum
324 2029 392 2079 ante
413 2019 494 2076 inter
514 2010 702 2087 ἀδεσπότους
733 2017 882 2092 ferretur,
920 2012 1108 2095 deprehendi
1130 2038 1171 2075 ex
1193 2020 1359 2096 prooemio

229 2102 512 2169 versibus·senariis
534 2103 650 2183 scripto
671 2102 766 2161 literis
782 2122 854 2181 prae
876 2110 1027 2160 vetustate
1050 2120 1126 2181 pene
1138 2100 1358 2179 effugientibus

231 2195 370 2255 obtutum
393 2190 568 2264 oculorum,
605 2186 777 2264 Theognoti
806 2206 870 2245 esse
895 2186 1106 2257 Grammatici,
1137 2206 1231 2266 quem
1252 2188 1358 2249 laudat

232 2277 391 2358 aliquoties
404 2273 605 2353 Etymologici
617 2273 757 2352 scriptor.
786 2272 823 2331 Et
836 2269 958 2351 quidem
973 2272 1070 2331 omnia
1083 2270 1128 2329 ibi
1139 2273 1259 2351 reperi,
1280 2294 1357 2353 qnae

232 2366 289 2425 iste
309 2361 485 2438 Theognoto
503 2369 629 2439 eccepto
652 2358 767 2419 retulit.
810 2357 854 2416 De
876 2366 974 2417 aetate
993 2356 1123 2417 hominis
1146 2358 1301 2419 rescisces
1320 2380 1356 2419 ex

231 2448 433 2532 praefatione,
456 2446 545 2526 cujus
557 2445 676 2504 initium
689 2453 744 2521 est,

400 2534 452 2614 ra·
472 2526 599 2615 δεσπότῃ
621 2553 698 2609 μου,
723 2526 778 2591 καὶ
798 2533 888 2611 σοφῷ
911 2522 1096 2611 στεφηφόρφ

396 2614 525 2693 Λέοντι,
553 2620 597 2700 τῷ
616 2620 778 2696 κρατοῦντι
798 2610 923 2676 πάντων
944 2614 977 2677 ἓν
998 2609 1107 2693 λόγοις,

399 2695 575 2782 Θεόγνωτος
597 2696 747 2783 dynastia
767 2722 813 2773 τις
834 2697 876 2772 οἱς
898 2695 941 2761 oin
965 2697 1095 2779 οἰκέτης.

318 2786 539 2847 Constitueram
560 2785 613 2845 hic
629 2786 780 2865 Epistulae
802 2784 892 2843 finem
914 2786 1085 2865 imponere:
1113 2781 1169 2843 sed
1187 2782 1351 2845 intervenit

232 2872 344 2933 amicus
363 2891 467 2945 meus,
489 2872 609 2937 aurium
630 2872 762 2931 convitio
783 2872 932 2929 rationem
945 2869 1126 2946 efflagitans,
1149 2890 1209 2929 cur
1223 2870 1350 2929 loannes

229 2954 365 3019 Malelns
386 2955 461 3014 mihi
481 2957 614 3032 dicatur,
637 2956 690 3035 qui
705 2978 723 3014 a
742 2956 915 3015 Vossiorum
941 2965 1082 3034 utroque,
1106 2954 1247 3032 Usserio,
1269 2956 1351 3015 aliis·

231 3062 290 3118 que
312 3040 449 3100 omnibus
474 3042 576 3120 quiin
598 3041 681 3101 hunc
703 3060 799 3121 usque
820 3040 899 3100 diem
917 3040 981 3121 ejus
1002 3040 1185 3099 mentionem
1200 3041 1347 3117 fecerunt,

229 3125 350 3188 Maleto
372 3128 554 3187 nominator.
604 3128 667 3205 Ego
687 3146 778 3201 vero,
800 3129 939 3204 inquam,
963 3146 1001 3185 ne
1022 3126 1056 3183 in
1069 3126 1208 3185 virorum
1229 3126 1348 3205 quidem

136 3234 161 3285 0
179 3232 214 3287 73
231 3214 430 3272 maximorum
450 3213 542 3272 verba
560 3212 739 3294 juraverims
762 3210 860 3272 sedin
878 3212 967 3273 sliam
983 3211 1177 3286 sententiam,
1199 3210 1255 3271 ubi
1270 3232 1349 3271 corn·

230 3298 354 3357 modum
373 3308 432 3371 est,
454 3318 625 3377 quanquam
643 3298 772 3373 invitus,
797 3316 863 3356 meo
877 3296 946 3375 jure
968 3296 1100 3357 discedo.
1143 3298 1246 3375 Roget
1260 3298 1349 3374 igitur

232 3384 397 3463 quispiam,
419 3404 475 3442 cur
492 3380 615 3443 Maleto
634 3383 736 3461 potius
757 3382 795 3441 eit
815 3380 1016 3442 vocitandus?
1048 3380 1109 3440 hoc
1128 3382 1248 3441 scilicet
1262 3382 1348 3441 abiis

229 3488 406 3548 responsum
430 3472 538 3545 ferret,
573 3468 665 3549 Apud
692 3468 985 3541 Constantinumsic
1008 3466 1172 3547 appellari,
1208 3461 1347 3529 Iatinon

230 3559 288 3614 τοῦ
302 3552 427 3633 ἐπίκλην
443 3555 582 3627 Mateta,
600 3564 631 3613 et
645 3553 728 3633 apud
744 3555 969 3627 bertramnum,
986 3547 1126 3615 lodoven
1138 3556 1195 3615 τοῦ
1207 3552 1262 3614 καὶ
1276 3558 1346 3615 Μο-

230 3633 323 3700 teitu·
346 3658 493 3719 nusquam
515 3640 587 3699 alihi
610 3640 853 3716 commemorari,
874 3649 1084 3718 praeterquam
1105 3638 1187 3717 apud
1207 3638 1346 3698 Tzetsem

232 3718 371 3801 Ιοοᾶνοης
384 3748 429 3797 τις
444 3726 591 3805 Materne.
619 3725 730 3805 Atqui,
754 3726 781 3784 si
793 3724 834 3785 ita
846 3745 895 3783 res
909 3744 941 3784 se
955 3722 1056 3801 habet,
1082 3724 1174 3802 vulgo
1187 3734 1219 3783 et
1232 3724 1346 3804 passim
1441 3740 1442 3805 j

231 3810 366 3887 reperias
386 3814 442 3871 τοῦ
458 3813 589 3886 motta,
610 3816 668 3873 τοῦ
691 3814 802 3889 Oenei,
823 3814 880 3873 τοῦ
894 3808 1039 3891 Apronio,
1061 3813 1118 3871 τοῦ
1137 3811 1270 3888 unce,
1291 3812 1346 3871 rasi
1441 3808 1442 3811 '

234 3886 366 3973 Τρκὸκα,
387 3898 443 3956 τοῦ
454 3890 577 3959 Σκόπα,
599 3900 656 3958 τοῦ
672 3890 828 3972 Κρατεύα·
852 3915 909 3954 nec
923 3906 1023 3955 tannen
1037 3904 1196 3974 propterea
1208 3894 1259 3953 rel
1275 3891 1344 3955 Sui-

231 3976 272 4038 dn
291 3981 500 4056 grammaticus
517 3981 647 4057 dicitur,
667 3982 719 4042 vel
743 3980 859 4041 ΤΙιοοιο
883 3981 1066 4060 Apostolus,
1088 3980 1137 4040 vel
1159 3976 1287 4039 Aristeu
1310 3975 1343 4038 tle

230 4085 328 4125 rxxn.
339 4064 552 4146 interpretibus.
587 4068 675 4126 Retio
692 4066 837 4127 videlicet
848 4068 968 4146 linguae
984 4084 1108 4143 graecae
1121 4062 1175 4123 vix
1192 4074 1246 4123 ant
1261 4064 1341 4123 nullo

228 4150 322 4209 modo
342 4152 490 4230 patiatur,
514 4161 549 4213 ut
570 4152 602 4211 in
624 4154 652 4212 A
671 4153 790 4213 literam
804 4153 904 4213 virilia
919 4153 1039 4211 nornine
1056 4171 1129 4211 casu
1142 4158 1226 4209 recto
1242 4150 1342 4210 tenni·

228 4246 347 4298 nentur.
390 4238 490 4317 Atque
502 4258 538 4298 ea
550 4258 639 4299 causa
651 4248 706 4316 est,
729 4258 786 4299 cur
798 4239 956 4321 peregrina
967 4238 1101 4300 virorum
1111 4234 1243 4315 nomina,
1266 4253 1340 4315 quae
