2950 4817
545 264 774 339 msuout.
1145 274 1222 347 717

117 452 300 505 nostorum
316 464 386 506 cum
398 442 549 525 Aeschylo
563 450 764 521 memoratur,
786 446 837 505 cui
859 443 931 505 olins
952 443 1082 505 amicitia
1099 454 1128 507 et
1142 445 1231 507 timi·

117 530 255 589 liaritoto
276 531 453 610 coujunctos
476 533 551 605 luit3
578 539 615 589 ut
633 552 671 590 ex
694 528 856 590 Plutarcho
881 540 999 591 constat
1019 532 1050 591 in
1068 531 1148 638 libro
1177 533 1230 612 qui

115 614 301 675 inscribitur
315 614 427 690 Ποῖς”
406 640 447 678 αν
467 640 514 691 τις
528 576 669 680 dichoreo
689 614 799 679 ἑαυτοῦ
813 610 1037 698 προκόπτοντος
1059 610 1147 679 ἐπ”
1126 622 1230 703 αρετῇ.

115 694 291 781 Αἰσχύλος,
312 701 373 775 ait,
395 706 513 780 Ισθμοῖ
530 696 727 805 deoipsvoc’
706 705 811 783 oyoivo
831 704 970 777 πυκτῶν,
989 699 1055 763 incl
1069 680 1232 785 πληγέντος

116 784 227 867 ἑτέρου
242 808 277 848 το
271 782 428 866 θέατρον
450 786 497 863 iti
496 810 571 869 spoy
573 810 604 862 s,
626 782 722 861 νύξας
743 791 825 849 Jove
846 810 900 850 τον
924 790 1021 861 Χῖον,
1047 789 1147 871 Ορᾷς,
1169 786 1230 867 ἔφη

116 864 224 949 oleon
238 866 365 950 ἄσκησίς
379 870 476 935 ἐστιν
498 832 689 951 dweninyoir
708 876 827 957 aconei,
851 872 883 934 ol
902 868 936 933 di
954 866 1108 951 θεώμενοι
1126 874 1231 951 βοῶσι

116 954 244 1015 iuvenis
261 966 362 1015 tamen
375 977 444 1015 oum
456 977 525 1017 sena
545 966 682 1019 versatus
704 968 764 1032 est;
787 968 818 1017 et
836 956 868 1016 in
892 976 928 1016 so
947 957 1066 1034 quidem
1081 976 1141 1015 non
1157 957 1231 1017 levi-

115 1050 170 1103 ter
190 1050 348 1120 peccatum
370 1052 416 1101 est
438 1063 455 1100 a
478 1043 605 1117 loannes,
638 1042 720 1120 quod
741 1043 843 1101 Jonam
863 1040 1014 1121 Aeschylo
1036 1042 1231 1103 vetustiorem

113 1125 220 1185 saciat
265 1124 381 1188 Utinam
397 1147 468 1187 vero
492 1139 663 1208 superesset
683 1127 774 1187 hodie
794 1127 919 1187 Batonis
939 1126 1112 1207 Sinopensis
1134 1126 1228 1187 liber.

112 1210 210 1270 Plura
230 1209 268 1270 ds
286 1210 369 1270 lonis
386 1221 495 1288 aetate,
524 1224 555 1273 et
574 1210 759 1273 evidentiora
768 1212 834 1271 ‘dici
855 1220 995 1292 possent,
1023 1231 1104 1271 nrrnc
1125 1211 1180 1271 soli
1197 1212 1230 1271 in

113 1296 250 1354 obscuro
273 1296 450 1376 lubricoque
470 1299 590 1358 tramite
618 1298 711 1375 magis
731 1307 904 1377 reptamus,
935 1316 1023 1374 quam
1042 1296 1229 1376 pedetentim

111 1379 313 1458 ingredimur.
355 1382 487 1441 Platonis
508 1393 555 1442 est
575 1384 734 1460 Dialogus,
760 1402 821 1460 quo
843 1384 980 1441 Socrates
1000 1400 1165 1440 sermonem
1182 1382 1230 1439 in-

112 1465 218 1524 stituit
233 1486 301 1525 cum
314 1466 387 1525 lone
404 1468 535 1545 quodam
548 1467 696 1545 Ephesi03
721 1486 809 1546 quem
828 1489 844 1525 a
865 1466 939 1526 Chio
959 1486 1020 1524 non
1044 1486 1107 1525 esse
1125 1466 1228 1525 (liner²

112 1570 184 1609 sum
200 1552 301 1630 opinio
325 1560 368 1609 est
386 1552 452 1609 Lilii
468 1552 611 1630 Gyraldi,
632 1552 702 1609 Julii
722 1552 881 1629 Scaligeri,
906 1550 1015 1625 llelrii,
1039 1562 1067 1609 et
1084 1552 1228 1627 Menagii:

113 1656 195 1713 quae
206 1637 232 1693 si
248 1656 319 1696 vera
335 1645 380 1694 est
394 1636 556 1712 sententia,
578 1656 640 1694 non
654 1654 731 1714 opus
751 1646 795 1694 est
811 1644 845 1694 ut
861 1636 954 1693 multa
971 1634 1115 1697 dicamus.
1159 1636 1229 1695 Sta-

110 1722 172 1780 tim
189 1722 266 1779 enim
284 1720 432 1778 constabit
446 1720 549 1780 ionem
565 1718 714 1799 Aeschylo
728 1721 820 1779 luisse
834 1728 907 1778 natu
919 1720 1075 1781 minorem.
1105 1719 1227 1801 Quippe

110 1808 254 1863 Socrates
270 1814 361 1864 natus
380 1805 500 1885 Olymp.
515 1824 635 1866 uxxvu.
652 1826 730 1864 anno
748 1825 792 1867 rr.
809 1805 1014 1864 tantummodo
1031 1824 1101 1864 xnr.
1121 1809 1228 1865 astatis

111 1910 229 1949 annum
243 1890 358 1967 agebat,
381 1909 450 1949 cum
474 1890 639 1969 Aeschylus
653 1910 692 1950 ex
707 1890 770 1949 vito
785 1891 923 1961 excessit,
946 1890 1089 1950 videlicet
1106 1888 1227 1970 Olymp.

107 1995 222 2036 mxxxi.
238 1996 285 2038 an.
303 1996 326 2035 1.
353 1974 447 2033 Callia
467 1974 592 2034 Athenis
612 1974 774 2034 Archonte.
818 1974 875 2035 Sed
894 1974 931 2033 de
945 1974 1074 2055 Ephesio
1095 1974 1154 2034 isto
1171 1994 1227 2054 pu·

108 2070 207 2139 gnant
224 2060 368 2119 adversus
385 2059 551 2138 Gyraldum
569 2071 599 2121 et
615 2061 799 2136 Scaligerrun
821 2059 1014 2120 eruditissimi
1032 2060 1153 2141 quidem
1168 2058 1227 2119 ho·

107 2146 210 2204 mines
226 2146 284 2204 Leo
299 2146 429 2204 Allatius
444 2154 473 2204 et
487 2146 614 2205 loannes
628 2146 760 2204 lonsius:
786 2146 838 2205 ille
854 2144 1042 2217 contumeliis
1061 2146 1172 2221 fretus,
1197 2154 1227 2206 et

108 2250 152 2288 eo
167 2232 247 2309 quod
261 2231 345 2289 nullo
361 2240 468 2289 autore
482 2230 597 2309 primus
614 2231 646 2290 id
660 2230 773 2290 dixerit
786 2230 948 2311 Gyraldus,
970 2231 1112 2312 quodque
1128 2230 1228 2311 Ephe·

107 2314 176 2373 sius
195 2314 375 2394 Rhapsodus
395 2314 504 2391 luerit,
534 2337 595 2374 non
615 2315 776 2393 Tragicus3
806 2314 857 2375 hic
881 2325 980 2377 autem
999 2317 1144 2375 acerrimo
1165 2315 1227 2375 telo

108 2410 261 2475 armatus,
284 2400 355 2480 quia
375 2403 453 2459 ratio
473 2410 645 2480 temporum
669 2402 831 2462 reclamat:
861 2400 975 2461 scilicet
994 2400 1095 2459 Jonem
1119 2398 1227 2461 Chium
1311 2466 1315 2473 ,

108 2486 237 2565 Olymp
252 2506 352 2548 cxxii.
366 2484 535 2563 tragoedias
550 2485 690 2545 docuisse
703 2506 765 2546 non
781 2486 879 2546 minus
892 2507 986 2546 annos
1001 2485 1110 2567 viginti
1125 2484 1226 2567 prius-

107 2591 204 2650 quam
225 2574 362 2629 Socrates
387 2582 575 2647 nasceretur,
607 2571 730 2652 Olymp.
755 2572 875 2630 demum
902 2590 1023 2631 cxxvn.
1054 2591 1096 2631 ιν.
1150 2569 1226 2631 Mihi

107 2654 233 2735 quidem
247 2656 326 2715 idem
344 2664 389 2715 est
406 2657 541 2731 animus,
563 2678 624 2715 non
645 2678 740 2716 unum
764 2666 793 2715 et
816 2655 943 2743 eundem
964 2657 1057 2716 luisse
1071 2654 1178 2715 Chium
1196 2662 1227 2716 et

105 2738 291 2820 Ephesium·
314 2740 407 2800 Chius
429 2742 507 2799 enim
531 2750 682 2820 etgenera
695 2751 726 2801 et
741 2741 850 2822 opibus
868 2742 924 2801 suit
936 2732 1061 2801 clarus:
1087 2743 1225 2821 quicum

106 2823 238 2884 Athenis
262 2826 413 2925 quondam
431 2827 597 2925 tragoedia
606 2826 696 2886 simul
719 2836 750 2887 et
776 2825 966 2906 dithyrambo
987 2825 1123 2901 vicisset,
1154 2826 1221 2887 Chii
1238 2829 1264 2885 0
1281 2826 1315 2886 51

105 2909 175 2970 vini
193 2911 302 2971 cadum
319 2910 432 2970 viritim
447 2912 557 2991 cuique
569 2911 681 2972 civium
697 2910 801 2987 dedit;
821 2922 857 2972 ut
875 2921 1041 2972 memorant
1055 2871 1224 2972 Athenaeus

106 3003 142 3054 et
159 2997 271 3054 Comici
289 3006 445 3056 enarrator
467 2996 507 3055 ad
530 2997 649 3057 Pacem.
693 2991 874 3057 Luculentae
889 3018 962 3057 vero
982 2996 1123 3071 divitiae,
1147 3018 1225 3077 quae

106 3090 173 3140 tam
190 3082 316 3141 eximiae
331 3081 503 3141 liberalitati
515 3081 654 3142 sufficere
666 3091 842 3163 potuerunt.
874 3080 1021 3161 Ephesius
1035 3080 1125 3141 horno
1139 3102 1222 3142 men-

107 3166 197 3225 dicus
214 3178 243 3227 et
255 3166 509 3227 circumforaneus
526 3168 699 3227 cantitando
711 3177 741 3226 et
756 3167 962 3247 gesticulando
976 3169 1087 3226 victum
1100 3168 1222 3247 inopem

107 3252 298 3330 quaeritans,
320 3263 353 3312 ut
372 3270 444 3312 mos
464 3262 528 3313 erat
546 3252 735 3335 llhopsodis‚
759 3273 841 3333 quos
857 3254 1004 3313 Homerus
1018 3272 1092 3311 suus
1109 3253 1222 3316 misella

107 3338 188 3417 stipe
205 3346 236 3397 et
249 3338 410 3398 esuritione
424 3338 593 3444 pascebat
618 3340 689 3420 ipss
706 3338 744 3398 de
755 3358 787 3397 ae
802 3337 938 3417 loquitur
956 3336 1039 3417 apud
1050 3337 1222 3400 Platonem·

106 3428 170 3484 Δεῖ
179 3417 236 3530 γάρ
251 3445 288 3502 με
302 3447 354 3486 και
344 3418 486 3504 σφόδρ’
502 3418 606 3499 ου’τοῖς
630 3426 714 3506 (τοῖς
728 3419 923 3528 θεαταῖς)
892 3446 947 3485 τον
962 3446 1040 3485 νονν
1055 3422 1223 3528 προσέχειν,

108 3506 153 3581 οἷς
172 3504 227 3569 ἐὰν
247 3506 304 3588 μὲν
322 3510 483 3581 κλαίοντας
502 3504 614 3583 oricosie
633 3511 767 3582 καθίζω,
791 3502 882 3582 odada
897 3503 1096 3587 pcldoopos’
1076 3504 1222 3615 opydpspu

106 3590 286 3671 λαμβάνων
309 3590 363 3656 lois·
377 3592 411 3655 dl
429 3598 594 3674 γελῶντος,
617 3588 710 3668 odrde
725 3588 930 3673 clorioopoa’
910 3588 1058 3675 epyripsov
1077 3588 1221 3669 dnottdg.

107 3676 231 3737 Chius
220 3680 352 3738 inomni
370 3680 526 3738 literarum
549 3700 657 3757 genere
675 3697 816 3755 magnum
836 3698 944 3738 rromen
969 3688 1015 3738 est
1031 3688 1222 3740 consecutus.

105 3762 253 3843 Ephesius
269 3775 390 3845 praeter
402 3765 566 3823 Homerum
579 3763 654 3823 nihil
668 3764 777 3823 doctus
796 3772 929 3823 cantare:
952 3764 1029 3823 sicut
1043 3764 1080 3823 dc
1096 3784 1127 3823 se
1148 3765 1223 3824 sase-

105 3858 175 3923 tur3
197 3868 267 3908 cum
282 3872 300 3908 a
316 3852 440 3910 Socrate
460 3851 680 3926 interrogatos,
702 3859 804 3909 utrum
830 3849 994 3909 Homerum
1014 3851 1111 3909 solum
1132 3851 1222 3910 calle-

104 3942 168 4008 ret,
192 3955 229 3992 on
244 3934 333 3994 etiam
346 3935 510 3995 Hesiodum
526 3945 556 3995 et
570 3933 801 4011 Archilochum·
823 3934 997 4014 respondit,
1018 3935 1138 3995 minime
1152 3935 1220 4015 qui

105 3982 276 4094 derisistos3
298 4021 352 4081 sed
373 4021 535 4081 Homerum
557 4021 670 4081 solum·
698 4030 788 4099 atquc
810 4018 871 4078 hoc
893 4020 964 4079 satis
987 4040 1061 4081 esse.
1106 4022 1142 4081 Et
1165 4020 1220 4079 ali-

106 4114 219 4182 quanto
222 4116 320 4210 post,
345 4109 426 4168 Οταν
439 4104 494 4186 μέν
512 4130 574 4181 τις,
597 4106 655 4180 ait,
677 4105 749 4186 accpi
768 4128 823 4168 τον
810 4101 932 4169 diluat
950 4128 1078 4182 ποιητον
1066 4104 1220 4207 διαλέγε-

105 4213 171 4263 ται,
192 4184 265 4253 ου’θὲ
279 4189 416 4297 προσέχοο
429 4196 522 4269 νοῦν,
543 4186 684 4255 eidoooroi
697 4214 730 4254 τε
748 4184 829 4253 sol‘
812 4194 917 4253 οτιοῦν
942 4189 1150 4287 συμβαλέσθαι
1169 4183 1219 4253 lo'-

105 4298 162 4357 γου
174 4270 279 4355 ἄξιον,
302 4270 373 4341 sss’
386 4271 684 4359 α’τεχνοῖςνοστάζο,
705 4285 737 4339 et
758 4276 818 4337 alia
838 4275 966 4358 pluria
957 4296 989 4335 m
1005 4275 1084 4336 hanc
1098 4284 1221 4337 senteu-
