2950 4817
129 352 131 359 .
210 316 253 361 xo
473 300 475 305 '
583 278 932 349 PROLEGOMENA.

83 498 87 513 ν
211 460 313 527 verbis
326 460 387 521 illis
405 478 482 541 quse
497 458 534 519 de
556 454 726 519 Iustiniuno
741 456 772 515 in
790 455 878 517 initio
899 457 971 519 libri
989 460 1039 524 18.
1061 457 1218 536 leguntur:
1241 460 1339 541 Ερα-

212 556 768 635 σίλευσενὸθεώιαιοςηῖοαστινιανός
786 558 838 641 ἔνη
853 558 908 641 λη’,
930 561 983 624 sel
1008 565 1107 642 μῆνας
1125 555 1164 636 ζ’,
1186 563 1238 623 sul
1252 559 1328 642 siud·

211 690 268 750 ρας
283 660 328 748 ιγ’.
372 660 531 745 Imperium
545 662 637 723 tenuit
652 662 864 725 Divinissimus
880 661 1066 725 lastinianus
1082 683 1177 722 umes
1189 682 1325 723 xxxvm.

211 790 322 829 menses
334 786 390 826 vn.
413 780 440 825 es
460 762 522 825 diss
537 784 605 825 xsu.
647 764 714 825 Hoc
738 766 836 825 solum
849 767 882 825 in
903 765 1140 826 controversiam
1156 774 1257 845 potest
1270 782 1327 824 ro·

212 868 289 946 ceri,
316 888 356 927 en
373 868 430 928 sub
454 866 623 928 Jussininno
653 866 810 945 floruerit,
838 878 868 929 et
894 867 986 948 psulo
1014 877 1086 947 post
1113 866 1177 947 ejus
1198 874 1327 927 astetens

216 966 492 1053 Obroecgrnplsiam
519 990 603 1029 ruens
631 968 823 1030 condiderit?
853 972 931 1029 Sunt
959 970 1098 1050 quidem,
1115 988 1210 1047 guse
1238 969 1329 1029 isoile

213 1070 311 1132 cuivis
325 1092 385 1131 non
401 1072 474 1132 setis
492 1080 607 1133 attento
629 1072 746 1151 possint
765 1072 963 1151 persuadere,
985 1092 1053 1133 eum
1075 1058 1169 1152 ps'ulo
1183 1080 1254 1150 post
1270 1068 1330 1129 Ju-

213 1175 374 1235 stinionum
396 1192 485 1235 suum
503 1170 588 1256 Opus
610 1174 821 1250 concinnasse3
850 1174 903 1233 sed
921 1185 952 1236 et
972 1176 1029 1235 slis
1043 1184 1114 1236 suut
1128 1174 1254 1234 multus
1272 1192 1329 1232 no·

213 1276 260 1337 bis
282 1277 460 1354 observsts,
489 1290 565 1358 quse
585 1278 787 1357 suspicionem
807 1296 868 1337 non
890 1277 1040 1337 immerito
1063 1286 1168 1339 creent
1190 1296 1257 1337 eum
1279 1294 1329 1335 se·

214 1380 285 1441 culo
299 1380 358 1441 isto
373 1379 465 1441 fuisse
477 1380 696 1441 recentiorems
721 1378 802 1452 Quin
820 1388 850 1438 et
865 1389 936 1439 sunt
954 1400 1031 1459 quse
1046 1378 1238 1439 subindicent
1259 1396 1331 1438 sum

214 1480 254 1541 sd
269 1491 405 1563 tempore
426 1484 515 1561 louge
537 1482 678 1561 setpuiors
701 1500 765 1541 esse
787 1480 1019 1545 detrudendum.
1062 1482 1104 1541 Ut
1118 1482 1156 1554 de
1171 1480 1237 1561 ejus
1251 1488 1333 1538 sets·

214 1594 246 1647 ts
267 1586 423 1647 veritatem
445 1584 541 1665 possit
563 1582 705 1662 indigere
727 1584 852 1660 Lector,
875 1582 974 1661 deque
994 1581 1059 1663 ejus
1075 1582 1236 1642 autoritate
1249 1578 1335 1660 judi-

215 1685 295 1748 cium
310 1688 426 1765 secere,
450 1706 505 1746 nos
523 1686 668 1766 quicquid
686 1687 822 1745 occurrit
836 1694 976 1747 notsrurn
1000 1694 1031 1745 et
1046 1683 1229 1745 indiciorum
1252 1691 1335 1744 sets.

215 1788 271 1864 tis,
295 1788 335 1849 ob
352 1788 455 1849 oculos
470 1788 521 1852 bic
535 1808 747 1868 congeremus,
769 1808 806 1847 sc
824 1788 856 1847 irs
869 1787 984 1847 nutius
998 1786 1088 1847 simul
1103 1785 1332 1845 collocabimus.

214 1890 255 1952 Et
271 1889 404 1971 primum
424 1892 546 1972 quidem
567 1912 617 1966 es,
640 1910 716 1970 quse
731 1899 836 1951 contre
857 1890 940 1949 illius
954 1897 1135 1949 vetustatem
1155 1898 1268 1949 tenum
1287 1886 1336 1946 vi-

216 1991 346 2053 desntur
362 1995 475 2070 feceno,
499 1992 657 2054 efferamus
681 2002 712 2053 et
732 1991 764 2051 in
783 1993 868 2052 leuce
883 2010 1049 2073 ponemus,
1072 1989 1181 2051 deinde
1201 2008 1279 2070 ques
1294 1988 1335 2047 il-

215 2094 275 2153 lem
295 2094 458 2156 videantur
478 2104 630 2172 astruere,
653 2112 691 2155 ex
715 2092 843 2155 adverso
856 2092 1072 2173 ponderemus3
1093 2102 1125 2153 et
1141 2073 1167 2152 si
1183 2092 1259 2172 quid
1277 2089 1338 2150 sd·

215 2196 337 2258 mittent
353 2196 429 2258 losec
447 2196 669 2278 responsionis,
690 2204 785 2276 prout
806 2214 918 2275 seques
937 2214 1042 2256 rerum
1064 2193 1266 2256 aestimatores
1283 2190 1337 2252 ds-

218 2307 282 2377 cet,
304 2298 470 2361 ridesmus

303 2402 386 2464 XVI.
431 2402 522 2476 Quod
545 2398 642 2461 tutor
659 2406 764 2459 noster
784 2399 842 2461 sub
862 2397 1034 2460 Iustinisnc
1047 2395 1187 2474 Seston,
1207 2416 1269 2457 nou
1286 2414 1337 2457 sc·

216 2500 281 2563 lum
295 2522 356 2563 non
371 2503 546 2583 scripserit,
568 2501 621 2561 sed
632 2508 662 2561 et
675 2520 773 2581 neque
787 2502 820 2560 in
832 2499 896 2562 vits
910 2499 1065 2575 extiterit,
1087 2499 1120 2559 in
1135 2500 1235 2581 primo
1252 2499 1336 2576 loco,

217 2606 386 2682 srgumenti
406 2602 567 2664 firmissimi
586 2603 720 2681 vigorem
737 2602 773 2662 id
794 2601 907 2662 bebere
929 2602 1066 2677 videtur,
1091 2600 1175 2681 quod
1191 2600 1231 2661 de
1243 2601 1337 2662 Urbis

217 2724 289 2765 sune
302 2704 486 2766 Antiochiae
502 2704 623 2765 nomine
643 2703 698 2764 sub
714 2701 886 2764 Iustinisno
903 2703 936 2762 in
958 2698 1132 2783 Theopolis·
1147 2712 1281 2781 mutsto,
1304 2712 1338 2765 et

217 2806 255 2867 dc
275 2806 384 2886 populi
405 2815 480 2867 tunc
498 2806 645 2887 temporis
667 2803 959 2880 declamationibus,
981 2803 1074 2864 verbs
1094 2801 1274 2889 feciens1),
1296 2804 1337 2867 de

217 2908 342 2967 illorum
355 2905 633 2985 Acclesnstionibus
649 2926 710 2966 non
724 2905 862 2985 loquitur
877 2906 944 2987 ipse
962 2924 1001 2964 ex
1015 2924 1071 2964 sus
1085 2906 1208 2965 scientis
1222 2916 1253 2967 et
1269 2928 1338 2968 rne-

216 3010 328 3087 mon's,
350 3008 405 3069 sed
418 3009 457 3069 sd
469 3010 591 3091 publice
606 3009 702 3089 ipsius
718 3007 853 3069 Civitatis
870 3004 1013 3089 Regissro
1027 3017 1187 3087 provocet
1213 3006 1338 3089 Ομαίως

217 3107 252 3173 di
266 3109 317 3173 sot
331 3108 365 3173 dv
378 3114 443 3186 τοῖς
455 3113 598 3195 Χαριίοις
612 3108 726 3191 εὑρέθη
740 3112 803 3173 τῶν
815 3105 855 3172 roi
868 3108 944 3172 ὄντα
961 3102 1144 3191 γραφόντων
1158 3113 1215 3189 τῆς
1236 3102 1338 3188 αὐτῆς

218 3206 352 3289 πόλεως,
379 3206 428 3275 iiss
449 3212 573 3293 ἔκραζον
594 3206 729 3293 κληδόνα
749 3204 890 3285 dsddsnee
904 3210 948 3283 εἰς
969 3207 1004 3273 sd
1029 3214 1256 3291 μετακληθῆναι
1277 3205 1338 3291 τήν

217 3306 316 3395 adsis
329 3307 425 3377 πόλιν.
476 3312 534 3377 Ad
550 3336 656 3375 nouum
671 3334 738 3374 uero
758 3310 817 3373 lsoc
831 3332 955 3390 nemen,
975 3314 1008 3373 s'ss
1026 3310 1145 3373 Obortis
1162 3332 1262 3371 eorum
1283 3312 1338 3394 qui

217 3414 304 3485 Actu
323 3412 448 3496 publico
475 3415 562 3498 buius
587 3413 724 3478 Civitatis
746 3414 960 3495 conscripsere,
992 3416 1140 3477 inuentum
1163 3426 1223 3489 ert,
1252 3408 1337 3495 quod

219 3516 288 3578 bene
308 3514 401 3577 eidem
423 3518 588 3577 eminentes
608 3514 817 3579 acclamarunt
840 3511 973 3582 Incolae.
1021 3516 1099 3575 sans
1118 3514 1144 3574 si
1160 3514 1255 3595 ipsius
1270 3534 1337 3575 rus·

217 3620 312 3680 moris
334 3618 529 3695 contigissent
552 3616 903 3688 suessoniensem,
934 3619 1072 3697 quemvis
1098 3617 1201 3677 forssu
1220 3636 1337 3675 menso-

216 3742 285 3782 rere
303 3720 451 3802 potuisset
467 3720 498 3778 in
511 3716 652 3801 Registru
666 3720 804 3781 (livitstis
823 3719 945 3800 publice
961 3720 1055 3781 luisse
1069 3721 1194 3797 relstss,
1216 3720 1269 3781 ille
1284 3730 1337 3780 ts-

217 3842 285 3881 men
308 3821 346 3881 de
373 3824 415 3880 eis
436 3818 496 3880 boc
514 3820 605 3881 modo
623 3832 653 3882 et
667 3824 765 3884 forms
786 3843 846 3882 nou
864 3822 1027 3900 allegasset.
1070 3822 1102 3882 Si
1115 3824 1164 3883 vel
1176 3822 1261 3902 ipse,
1283 3822 1337 3883 rel

218 3922 265 3987 sui
283 3922 430 4005 Aequales
451 3921 622 3989 istiusmodi
636 3925 872 3991 declamationes
892 3924 955 3984 suis
976 3923 1111 4012 propriis
1126 3923 1251 3989 nribus
1265 3943 1337 4013 pes·-

252 4240 285 4310 ¹)
302 4241 381 4295 Parte
399 4242 423 4295 ἰ
444 4258 470 4311 p·
490 4244 549 4299 179.
