2950 4817
531 276 883 350 PROLEGOMENA„
1171 310 1270 357 xxm

149 449 232 515 iltius
252 450 402 517 Chronino
421 449 505 538 pund
517 454 633 536 &aripti
648 474 670 516 o
688 454 840 537 principio
862 455 1024 518 marionis
1044 452 1160 517 mundi.
1202 456 1271 517 Ma-

149 566 308 617 morantur
325 558 475 637 Excerpta
494 558 599 617 eadem
617 562 701 639 apud
716 555 872 621 Amatam
892 579 931 619 ex
951 560 1088 641 ejusdm
1102 557 1270 619 Bihhntho

149 678 202 719 ms
216 660 366 738 catalogis
384 658 589 740 Imhbomnap
610 671 640 721 et
661 660 700 721 ab
713 660 920 723 ensditisaimo
935 662 1115 744 Dafrernio,
1135 662 1170 721 in
1181 661 1270 723 Notis

149 760 188 820 ad
208 758 381 824 Chroaiaon
410 760 515 847 (quod
538 760 701 848 interibit)
723 761 887 842 Poseiele,
908 765 1068 844 aliquoties
1094 764 1270 827 laudantur.

148 866 194 925 Ex
209 884 299 945 cujus
316 868 438 946 quidem
453 865 663 941 citationibus,
686 884 766 945 quaa
780 868 903 927 hutoria
924 867 1070 929 exhibent
1082 868 1194 945 verba,
1214 867 1271 929 da·

149 965 365 1046 prehenditur,
387 990 456 1031 oum
470 969 592 1031 diversa
607 988 671 1031 esse
684 969 837 1047 Excepta
854 970 913 1029 iata
926 971 965 1030 ah
981 970 1144 1051 Exemptia
1159 991 1272 1052 supra·

149 1068 237 1129 dictio
254 1066 528 1143 Connantinionia,
558 1082 623 1133 turn
649 1072 741 1133 otiam
756 1070 1040 1153 chronographiam
1059 1073 1149 1133 iatam
1168 1095 1185 1133 a
1213 1096 1272 1133 no·

150 1181 210 1231 atra
226 1171 402 1233 lilnleliorra
416 1175 508 1235 ioiasa
521 1174 683 1238 diversam.
727 1175 755 1234 Δ
772 1174 878 1234 elaris.
892 1173 1060 1247 Selinusia,
1081 1176 1114 1235 in
1129 1176 1216 1237 Notis
1229 1174 1274 1236 ad
1353 1198 1362 1211 ’

152 1270 318 1355 Scriptores
338 1274 494 1337 Historiae
514 1276 688 1359 Augustae,
709 1277 793 1339 etin
817 1274 972 1339 Pii-sionis
991 1275 1274 1340 Εκηοίωῐίοώιο

152 1376 183 1435 ia
203 1374 361 1454 solinum,
389 1390 420 1440 et
438 1380 575 1441 similiter
596 1402 611 1439 a
633 1380 735 1441 Leone
752 1376 877 1441 Altam
895 1378 927 1437 in
949 1377 1036 1437 Notis
1058 1380 1098 1439 ad
1118 1378 1275 1441 &mulii

151 1476 337 1567 ΑιιιίυοΙιιιιίἸ
350 1480 573 1559 Hexamurorr,
594 1485 811 1565 producuntur
824 1480 984 1557 complura
997 1480 1065 1542 toea
1080 1500 1121 1541 ax
1135 1480 1186 1541 do.
1199 1480 1272 1543 Aa&

151 1580 285 1641 theleno
309 1584 396 1659 (siva
411 1584 630 1663 Antiochensi)
653 1585 724 1667 περὶ
745 1580 976 1665 ἆρχωολογίαςε
996 1582 1058 1645 hoe
1078 1602 1201 1663 quoque
1218 1582 1275 1643 diu

151 1698 271 1741 versum
284 1684 381 1747 luisse
396 1709 413 1747 a
427 1686 553 1750 Joonnia
572 1688 670 1749 nostri
688 1683 826 1749 Malene
841 1683 1108 1768 chronographia,
1131 1684 1271 1765 quamvis

151 1794 180 1845 et
194 1786 247 1846 illa
266 1788 345 1867 Περὶ
361 1792 581 1873 Αρχαιολογίας
594 1812 656 1852 uon
667 1788 837 1869 impropria
855 1788 956 1870 poaait
975 1787 1118 1865 inscribi,
1141 1806 1220 1867 qnae
1232 1806 1273 1847 ex

150 1908 185 1947 ao
202 1888 237 1949 in
256 1892 391 1951 medium
413 1892 595 1967 afferuntur,
623 1893 815 1953 manifestum
833 1892 983 1957 redditur.
1026 1894 1066 1952 Ut
1080 1892 1202 1951 omnino
1218 1889 1273 1949 sal.

147 1991 253 2051 lantur
261 1994 374 2055 eruditi
387 1996 515 2071 illiViri,
534 1998 586 2074 qui
595 1999 740 2078 integrum
750 1996 834 2075 Opus
842 1992 969 2055 Ioannis
984 1995 1079 2055 nostri
1088 1990 1225 2056 Malaios
1238 1993 1272 2053 in

149 2094 251 2155 Gallia
273 2096 437 2159 etiamnum
458 2100 574 2159 servari
599 2098 655 2177 (id
675 2098 756 2158 enim
778 2098 816 2157 ab
838 2096 992 2176 aliquibus
1010 2092 1137 2178 accepi)
1157 2094 1272 2155 docue-

149 2208 231 2261 runt.
276 2200 315 2261 Id
330 2202 392 2261 illis
407 2200 492 2263 haud
506 2200 600 2261 dubio
619 2198 719 2259 fraudi
734 2208 817 2275 erat,
838 2198 889 2259 vel
912 2198 995 2278 qnod
1010 2198 1096 2281 Opus
1118 2196 1198 2279 ssepi
1209 2204 1274 2280 Aa.

150 2305 322 2385 χαιολογίας
343 2322 412 2363 oum
429 2302 581 2363 Chronico
601 2300 774 2365 Molaliono
802 2300 881 2360 idem
909 2320 974 2361 ease
1000 2300 1194 2383 putaverint,
1222 2302 1274 2363 vel

153 2404 234 2483 quod
247 2407 301 2466 illa
316 2406 479 2486 Excerpta,
502 2424 579 2486 qnae
597 2414 702 2466 extant
717 2405 750 2463 in
765 2400 876 2461 Codice
886 2402 977 2479 Regia
991 2403 1169 2478 Galliarum,
1195 2410 1277 2483 opua'

149 2510 299 2587 integrum
319 2508 429 2587 suinae,
453 2518 484 2569 at
506 2507 604 2568 nostri
629 2505 770 2579 datoris,
793 2501 990 2564 crediderint.
1034 2504 1095 2564 Pro
1113 2512 1197 2563 certo
1213 2514 1276 2561 me*

148 2608 275 2669 hercule
290 2609 352 2669 hoo
366 2620 494 2687 constat,
515 2628 554 2670 ne
572 2609 631 2689 ipsi
646 2610 805 2668 Gallorum
819 2604 1005 2680 doctissimo,
1027 2604 1198 2685 percelebri
1228 2599 1277 2663 illi

149 2710 333 2799 Dusrernio,
359 2716 405 2797 τῷ
424 2708 627 2795 χαλκεντὲρῳ,
657 2710 688 2769 in
712 2728 819 2770 manua
839 2726 974 2785 unquam
1002 2708 1122 2765 veniaaa
1148 2702 1276 2765 Ioannis

150 2815 248 2875 nostri
272 2812 462 2895 Chronicon3
485 2814 537 2893 qui
559 2824 660 2873 tamen
680 2812 808 2872 tortam
824 2810 856 2869 in
873 2808 969 2869 Codd.
984 2804 1209 2867 GraeciahiSS.
1225 2821 1277 2865 au·¹

150 2938 207 2998 pra
216 2938 322 3011 ornnes
330 2916 422 2999 hujus
430 2916 495 2976 aevi
505 2916 647 2976 mortales
655 2924 793 2975 versatus
808 2920 861 2972 eat.
884 2909 1029 2970 Ioannem
1037 2903 1190 2973 iiloielom
1198 2914 1276 2985 quo.

151 3019 332 3099 tiascunqne
345 3020 373 3080 is
386 3026 620 3096 commemorat,
642 3013 698 3101 (ut
720 3019 795 3077 citat
818 3011 941 3093 quidem
958 3010 1120 3091 aliquoties
1140 3007 1173 3068 in
1188 3008 1276 3068 Notis
1399 3062 1405 3073 ,

153 3122 190 3183 ad
206 3120 377 3185 Chronicon
398 3118 563 3198 Porchole,
587 3127 618 3180 et
634 3115 773 3179 Annales
789 3114 919 3177 donanis
935 3114 1094 3191 Zonaras,
1116 3111 1191 3172 etin
1206 3110 1275 3172 Me·
1347 3131 1350 3140 ⁴

155 3222 221 3285 dine
244 3238 274 3285 et
295 3221 422 3308 Isfimoe
445 3222 624 3284 Graecitatis
649 3216 825 3301 Glaesaria)
852 3216 1026 3278 testimonia
1055 3215 1121 3296 ejus
1151 3212 1276 3273 aliunde

153 3348 212 3389 non
225 3326 392 3407 depromit,
414 3346 505 3407 qnam
520 3346 558 3384 ex
572 3322 637 3383 aliia
650 3321 867 3403 scriptoribus,
888 3322 943 3401 qni
957 3315 1123 3398 Exemplar
1136 3324 1277 3375 nostrum

157 3428 330 3493 oxoniense
345 3429 541 3505 evolverent,
560 3436 590 3487 et
605 3424 677 3485 inde
692 3426 838 3487 nonnulla
854 3430 1085 3503 excerpserantt
1107 3416 1190 3499 quod
1210 3418 1277 3499 ipsa

153 3534 186 3595 in
209 3534 363 3613 aliquibus
385 3534 461 3594 loeis
485 3538 588 3614 aperte
616 3526 788 3608 profitetur.
839 3526 947 3586 Utrum
974 3526 1061 3605 Opus
1087 3520 1278 3603 praedictum

155 3634 285 3697 Ioannis
296 3634 481 3699 Antiochen
500 3634 575 3718 slepi
589 3631 810 3713 Αρχαιολογίας
823 3628 864 3688 sit
878 3628 959 3688 idem
976 3648 1046 3687 eum
1060 3624 1213 3684 Chronico
1227 3634 1277 3684 to·

154 3739 210 3799 ties
234 3748 418 3815 memorato,
448 3736 536 3819 eujus
564 3732 647 3816 apud
668 3730 858 3795 Constantini
879 3726 1069 3792 collectaneo
1088 3728 1150 3807 jam
1172 3736 1280 3787 extant

155 3840 327 3920 Excerpta,
357 3840 380 3899 ii
404 3840 511 3900 melius
535 3845 682 3919 poterunt
706 3835 863 3916 judicare,
892 3828 1124 3913 quiburdatur
1150 3829 1279 3889 facultas

158 3962 227 4002 enm
247 3941 332 4002 hisee
357 3942 438 4003 illud
456 3940 640 4003 conserendi.
696 3938 747 3998 Est
773 3935 892 3997 interim
916 3932 1078 3993 admodum
1100 3932 1280 3993 verisimile:

160 4046 202 4104 aio
224 4045 303 4105 enim
326 4042 468 4127 Jorephrs
488 4044 651 4104 Historiam
675 4060 760 4099 auam
778 4036 949 4112 iudaicam,
972 4044 1001 4094 et
1016 4034 1057 4094 D.
1075 4032 1280 4097 Halicarnas-

160 4149 248 4207 aeaaie
270 4148 357 4228 Opus
378 4168 467 4207 auum
490 4145 641 4205 Historiae
673 4144 841 4218 llomanae,
870 4136 1094 4219 Apxusoioyioav
1118 4136 1281 4217 inscripse-

162 4259 248 4325 runt3
270 4270 401 4332 quorum
422 4248 621 4330 posteriorem
645 4245 700 4305 sub
727 4242 834 4321 titulo,
857 4242 997 4324 Dionysii
1017 4240 1098 4324 Περὶ
1114 4244 1281 4325 marato.
