2950 4817
533 220 881 345 rnouecoums.
1198 298 1262 340 m

148 436 297 499 honore·
316 446 476 517 erueret,
499 461 516 499 e
539 435 657 501 bertino
680 440 772 501 inisse
793 438 928 521 ddertos
951 448 983 503 et
1003 437 1203 505 deturbetur?
1224 440 1265 503 tt

147 541 215 621 quis
231 560 295 601 non
310 542 466 621 cognoscit
482 541 539 601 snb
555 562 591 603 eo
607 542 688 603 solos
702 541 842 604 tonum
859 538 1081 608 meroe?
1099 543 1178 606 boue
1194 542 1265 607 tulis

145 652 177 703 et
189 652 294 703 tentus
306 660 394 705 error
407 643 460 704 hie
473 664 538 705 esse
552 643 688 721 videtur,
711 653 747 705 ut
765 666 784 705 s
796 655 904 707 nostro
917 646 1036 707 dutors
1055 644 1094 705 ds
1109 664 1165 706 sus
1179 646 1262 708 etvi-

144 754 207 805 tete
225 744 313 805 nullo
336 744 428 807 mode
448 747 596 826 potuisset
614 747 776 825 committi,
802 746 830 807 si
849 748 901 809 uel
925 748 992 830 ipse
1012 756 1087 809 tuuc
1113 748 1262 829 temporis

143 847 292 925 vixirset,
318 849 370 909 vei
397 850 466 910 cum
491 848 558 909 eliis
581 849 668 927 nilis,
696 851 750 931 qui
773 849 915 913 rinmunt
938 851 992 911 itte
1012 858 1125 926 estete,
1153 850 1263 913 fuisses

142 960 293 1011 ver-setus.
336 950 442 1030 Neque
453 950 510 1011 slis
524 951 645 1031 quidem
658 951 697 1013 de
709 972 800 1013 censs
812 950 846 1011 id
858 949 1006 1031 scriptum
1020 952 1112 1016 imese
1125 954 1260 1033 videtur,

143 1074 235 1133 quesn
257 1050 342 1133 qnod
356 1053 564 1113 Nsrrstiouem
584 1074 622 1115 ex
639 1058 754 1115 Autore
771 1054 876 1133 sliquo
887 1052 1076 1137 Bstyrbioso
1091 1057 1261 1139 exscripse-

142 1158 199 1234 rit;
221 1155 275 1237 qni
287 1158 403 1231 butor,
423 1175 492 1215 cum
511 1154 579 1237 ipse
593 1166 669 1218 esset
682 1154 901 1237 tapetum,
921 1175 980 1236 per
994 1154 1192 1221 Onbodooeos
1206 1156 1261 1221 de·

142 1258 287 1337 riguerit,
307 1278 369 1317 non
384 1257 455 1317 illos
481 1258 534 1339 qui
553 1276 659 1319 revere
680 1258 807 1319 suerunt
824 1253 1016 1334 orthodoxi,
1036 1260 1093 1321 sed
1113 1260 1168 1342 qui
1182 1261 1259 1323 teies

140 1368 211 1419 sunt
226 1359 324 1420 habiti
338 1358 420 1441 spud
434 1357 654 1445 Entyrbmnosp
674 1359 731 1421 hos
745 1378 874 1439 nemque
888 1358 927 1418 sb
934 1356 1103 1440 Eupbrusio
1117 1382 1257 1443 persecu·

140 1462 255 1523 tionem
268 1461 361 1523 fuisse
373 1482 491 1545 pessos,
515 1442 554 1523 sd
566 1462 859 1525 verisimilitudinem
871 1480 962 1541 quem
974 1461 1113 1542 proxime
1131 1464 1259 1527 secedit

157 1626 159 1634 ,
224 1565 341 1626 xvltt.
383 1564 476 1638 Quod
499 1564 531 1625 iu
555 1566 680 1628 certeris
702 1565 768 1627 istis
792 1564 869 1627 locis
888 1574 951 1625 tem
967 1562 1124 1644 insipiter
1144 1588 1163 1627 s
1183 1586 1257 1629 vero

139 1664 302 1728 deflexerit
314 1676 417 1727 noster
430 1666 702 1750 Chronogrsphns,
723 1667 760 1729 id
771 1668 804 1729 iu
816 1687 906 1731 censs
921 1666 1014 1729 inim
1028 1666 1169 1745 videtin,
1188 1689 1259 1749 per·

138 1770 193 1828 tim
206 1770 294 1848 quod
310 1769 482 1849 Scriptores
496 1770 592 1831 rusios
609 1780 701 1852 etque
719 1771 905 1833 recentiores
925 1768 965 1831 sit
985 1779 1124 1841 mutus.
1145 1773 1258 1853 pert'un

139 1870 223 1950 quod
266 1872 332 1952 ipse
361 1870 560 1951 negligentius
592 1882 623 1934 et
653 1872 835 1935 incuriosius
867 1871 1112 1953 transcripserit,
1145 1874 1258 1954 pertim

139 1971 271 2053 denique
291 1972 376 2054 quod
396 1974 581 2055 conjecturis
610 1976 672 2037 suis
694 1985 725 2039 et
745 1974 999 2037 herioietionibus
1018 1974 1051 2034 in
1070 1976 1258 2055 temporibus

137 2092 240 2136 rerum
257 2084 289 2135 et
302 2084 454 2154 gestorem
467 2076 633 2139 statuendis
650 2098 723 2141 usus
739 2079 788 2140 sit.
830 2080 975 2141 Secutum
995 2096 1066 2139 eum
1086 2075 1181 2140 icisse
1196 2076 1259 2139 Au.

139 2185 220 2237 tores
236 2178 386 2238 aliusnon
402 2178 501 2239 minus
516 2182 549 2239 in
561 2181 653 2242 rebus
667 2182 722 2244 rub
741 2181 870 2262 imperio
882 2176 1150 2256 latinissimus
1167 2197 1256 2240 ener-

138 2276 241 2337 rsndis
257 2298 348 2359 qnsm
364 2280 501 2362 ingestis
519 2282 647 2345 eliorum
666 2283 871 2361 celebrsndis,
891 2292 929 2345 ut
942 2280 1102 2351 conficitur
1118 2299 1157 2339 ex
1173 2300 1259 2343 erro-

139 2380 223 2443 ribus
235 2376 364 2454 notetis{
386 2384 431 2443 sic
446 2396 477 2446 et
489 2385 556 2445 eliis
570 2386 733 2447 luculentis
747 2385 866 2447 indiciis
879 2384 1021 2449 redditur
1036 2381 1257 2449 confirmatum.

138 2481 223 2542 Unde
238 2482 327 2543 elitsr
343 2483 456 2547 iactum
476 2496 536 2563 est,
560 2488 642 2567 quod
666 2486 851 2549 sidentibus
867 2487 960 2547 nnius
975 2484 1065 2561 enni,
1085 2482 1257 2545 eduenses

137 2583 213 2645 slins
229 2586 346 2665 ubsque
366 2587 429 2647 ulle
450 2606 598 2649 sonorum
621 2588 807 2650 diversitstis
821 2586 1037 2667 significatione
1055 2583 1258 2663 trsmpredie·

136 2694 202 2765 tur,
223 2686 283 2745 nisi
304 2687 389 2767 quod
408 2708 447 2749 ex
472 2689 537 2750 eliis
554 2688 715 2751 Historicis
739 2710 808 2752 sues
828 2686 1022 2749 terrationes
1040 2685 1256 2762 memcribeus,

135 2787 313 2849 intermedie
335 2790 500 2869 quaedem,
531 2810 608 2871 quse
636 2810 696 2851 nou
722 2792 849 2853 suerunt
876 2786 1061 2858 omittende,
1089 2787 1255 2851 oscitanter

137 2890 294 2950 omiserit?
321 2890 370 2951 Sic
388 2900 460 2972 post
476 2894 657 2953 mentionem
678 2890 858 2975 Septembris
878 2886 1041 2968 Μιηείεῑ)
1063 2888 1144 2967 (snb
1167 2890 1256 2950 Lem·

135 2991 217 3070 pedii
242 3002 271 3052 et
293 2990 408 3055 Orestis
429 2994 608 3071 consulatu)
632 2994 670 3055 sd
692 2988 881 3075 Aprttffl)
903 2990 1122 3070 (monentem)
1147 2992 1254 3053 elium·

135 3112 192 3172 que
217 3091 415 3176 Septonbrem
436 3098 633 3178 progreditur
644 3093 679 3179 ⁸)
710 3095 854 3156 sinentis
872 3092 987 3155 diversi
1004 3094 1074 3153 suni
1088 3094 1253 3158 mentione.

136 3194 220 3255 Unde
241 3195 330 3255 iliter
350 3198 479 3277 contigit
501 3198 585 3278 quod
603 3200 635 3259 in
657 3198 715 3260 siio
734 3192 854 3280 loco⁴)
883 3216 934 3257 res
955 3200 1053 3275 gestes
1074 3192 1255 3277 Septembris

135 3297 244 3357 mensis
263 3306 332 3357 ente
350 3284 443 3378 gesti
447 3298 583 3381 Augusti
603 3300 738 3382 ejusdem
760 3300 832 3359 euni
856 3298 889 3358 in
913 3298 1017 3358 literas
1041 3298 1200 3376 retulerit,
1224 3306 1256 3359 et

135 3418 266 3461 mensem
286 3397 482 3481 Septmbrem
504 3412 574 3463 ente
586 3402 758 3484 Augentum
776 3409 888 3482 ponst;
908 3399 1007 3475 unde,
1028 3398 1171 3478 inqnsnr,
1191 3399 1254 3461 hoc

135 3504 234 3580 potuit
248 3502 442 3581 contingere,
465 3503 523 3563 uisi
548 3504 632 3583 quod
653 3524 690 3565 ex
711 3502 877 3563 tutoribus
901 3502 1032 3563 diversis
1046 3500 1119 3561 dum
1134 3522 1189 3563 sus
1204 3502 1255 3563 sle-

136 3605 286 3681 enmebet,
309 3604 409 3686 primo
422 3605 519 3667 verbs
531 3606 613 3665 illius
629 3606 769 3686 posuerit
788 3605 842 3684 qui
855 3601 1034 3687 Septembris
1045 3608 1157 3664 mensis
1171 3614 1255 3683 geste

137 3705 320 3788 celebraret,
343 3717 374 3769 et
387 3716 493 3791 postea
513 3707 605 3771 verbs
621 3708 762 3787 alterins,
785 3707 837 3788 qui
851 3706 890 3769 de
904 3706 978 3769 sctis
994 3706 1105 3767 mensis
1116 3704 1255 3787 Augusti

172 4060 203 4129 ¹)
219 4014 246 4133 e·-
264 4063 324 4119 2⁰2

173 4148 202 4216 Ι)
219 4150 290 4218 begs
308 4168 333 4223 p.
354 4152 413 4207 tue.
432 4150 466 4205 td
482 4151 544 4207 stt.

172 4234 206 4302 ⁴)
223 4253 250 4307 p·
265 4238 326 4294 2³0.
343 4236 377 4293 ed
395 4252 489 4293 tnnnn
505 4232 647 4291 iustinniei
663 4238 707 4295 26.
