2950 4817
235 262 308 345 τοι
541 264 1034 335 rosnnlsnraaanan

226 444 378 530 Ἓλληνας
385 494 396 526 ,
421 443 543 531 άγαγοδν
559 446 632 528 μεθ’
651 446 764 513 ἑαυτοῦ
780 453 830 513 καί
846 444 963 531 κόσμον
978 447 1076 514 πολδν
1090 447 1142 515 καὶ
1154 447 1273 534 χρυσὸν
1285 450 1337 513 καλ

232 548 366 637 άργνρον
379 552 429 613 καὶ
444 551 576 633 ἐσθῆτα.
630 550 725 637 οόσης
740 553 775 617 δέ
791 557 879 637 σιγῆς
891 554 924 617 έν
936 562 1001 627 τοῖς
1015 549 1140 636 ἡγεμόσι
1154 548 1337 635 τῶνἙλλή-

231 680 308 732 νιον,
336 654 465 735 πλησίον
486 654 520 718 δέ
543 652 639 737 αὐτοῦ
664 656 845 739 γενομένου,
873 652 1052 737 έθαέγιαζον
1077 653 1189 730 πάντες
1205 654 1262 738 τὴν
1284 653 1336 719 εί-

232 757 361 837 τολμιάν
384 762 441 821 τοῦ
466 755 563 821 αὐτοῦ
583 755 749 841 Πριάμου,
776 761 827 825 καὶ
850 758 1028 823 ἀπαντῶσιν
1047 756 1132 845 αι’·τῷ
1153 754 1337 839 βουλόμενοι

141 878 165 929 v
181 878 216 933 52
232 865 347 942 μαθεῖν
361 857 417 942 τὴν
431 862 533 923 αἰτίαν
549 866 606 943 τῆς
617 860 759 947 ἀφίξεως.
812 859 956 948 ἑωρακὼς
969 862 1004 925 δὲ
1018 858 1132 936 adrosis
1145 856 1162 926 ὅ
1174 863 1362 945 Πρίαμος,5

232 958 343 1027 ἕαντδν
361 964 403 1037 εἰς
418 963 453 1028 τὸ
471 961 587 1048 έδοιμος
605 962 713 1049 ῥίψας,
742 960 823 1029 κόνιν
837 966 887 1029 dui
903 969 959 1046 τῆς
975 968 1111 1050 κεφαλῆς
1123 962 1219 1029 ositeri
1234 964 1338 1051 φέρων

232 1068 283 1131 καλ
301 1061 442 1147 δεόμενος
459 1064 562 1131 αὐτῶν
579 1067 737 1143 σονικέτας
757 1067 900 1152 γενέσθαι
924 1065 1003 1151 πρδς
1023 1065 1079 1132 τόν
1101 1064 1239 1149 Ἀχιλλέα
1259 1062 1337 1152 δπέρ

233 1174 289 1234 τοῦ
304 1164 448 1251 σώματος
463 1176 519 1233 τοῦ
528 1168 684 1254 Ἕκτορος.
738 1172 876 1255 οίκτείρει
892 1170 926 1235 δέ
939 1168 1035 1235 caindo
1049 1169 1181 1253 Νέστωρ
1195 1172 1245 1233 καὶ
1257 1168 1338 1233 Ἰδο-

232 1271 339 1354 μενεδς
355 1271 440 1359 αὐτῷ
457 1271 601 1357 γενέσθαι
619 1274 778 1349 σονικέτας
794 1272 872 1359 πρός
893 1272 947 1339 τόν
959 1271 1098 1355 Ἀχιλλέα
1114 1268 1191 1358 ὖπέρ
1203 1277 1260 1337 τοῦ
1272 1268 1337 1337 σιό-

231 1399 333 1457 ματος
346 1382 402 1439 τοῦ
411 1372 568 1459 Ἕκτορος,
590 1378 697 1451 οἵτινες
711 1373 917 1460 ἓδυσάπησαν
929 1375 984 1441 τόν
995 1373 1051 1440 cdv
1063 1376 1181 1460 πατέρα
1197 1377 1266 1460 περὶ
1279 1380 1336 1440 soii
1345 1393 1380 1448 ιο

210 1554 214 1560 Δ
232 1472 391 1561 Πριάμου.
445 1480 495 1543 καλ
519 1476 670 1543 ἐκέλευσεν
688 1478 785 1543 αὐτὸν
799 1482 948 1544 εἰσελθεῖν
962 1481 1005 1554 είς
1016 1477 1074 1562 τὴν
1089 1477 1203 1561 σκηνὴν
1219 1477 1335 1542 oritoni·

232 1577 249 1646 d
269 1581 303 1645 δέ
318 1581 464 1665 Πρίαμος
479 1582 628 1647 είσελθιδν
647 1580 752 1646 έπεσεν
768 1584 811 1659 είς
827 1581 901 1657 τοδς
914 1577 1015 1657 πόδας
1027 1579 1125 1645 αὐτοῦ
1140 1578 1261 1656 πλωτὸς
1274 1580 1337 1645 ἱκε-

231 1679 345 1761 τεάαιν,
374 1679 523 1758 ὡσαύτως
545 1684 579 1749 δέ
598 1686 648 1749 καί
667 1681 863 1769 Ἀνδρομάχη
879 1684 936 1749 σδν
949 1694 1015 1761 τοῖς
1028 1686 1149 1764 παισίν,
1180 1680 1250 1767 ἥδέ
1265 1687 1337 1747 Πο-

120 1795 146 1848 0
165 1797 215 1851 158
232 1786 340 1868 λοξένη
366 1791 583 1869 περιπλακεῖσα
609 1796 674 1861 τοῖς
696 1788 768 1852 uoci
794 1794 851 1853 τοῦ
871 1793 928 1852 σοῦ
949 1788 1070 1870 γενέταν
1085 1787 1223 1871 περὶτοῦ
1239 1784 1338 1868 αὐτῆς

192 1900 216 1953 Β
234 1886 370 1973 ἀδελφοῦ
379 1886 536 1971 Ἕκτορος,
565 1886 717 1955 δουλεύειν
733 1890 968 1975 ἐπαγγειλαμένη
984 1889 1036 1955 καὶ
1050 1888 1150 1970 μένειν
1164 1888 1222 1952 osio
1237 1888 1333 1975 αὐτῷ,
1345 1908 1379 1963 15

231 1994 258 2057 εί
271 1991 377 2077 ἀποδῷ
390 1990 445 2055 τδν
458 1988 572 2076 νεκρόν.
627 1992 656 2057 οἱ
668 1993 702 2057 δέ
713 1998 850 2075 βασιλεῖς
864 1992 900 2058 τὸ
913 2001 1012 2078 γῆρας
1023 1990 1121 2057 αὐτοῦ
1135 1993 1337 2075 οἰκτείραντες

230 2089 425 2178 παρεκάλουν
439 2090 516 2177 ὑπὲρ
531 2092 690 2177 Πριάμου.
746 2092 762 2160 ὃ
779 2096 813 2160 δέ
824 2095 879 2171 σδς
889 2097 1009 2179 γενέτης
1021 2092 1172 2178 Ἀχιλλεδς
1185 2093 1262 2179 πρδς
1277 2092 1337 2159 αό-

229 2196 303 2271 τοδς
316 2195 386 2282 ἔφη,
396 2199 529 2281 Κρατεῖν
543 2196 638 2263 αὐτὸν
652 2200 683 2275 ἐξ
696 2198 793 2281 ἀρχῆς
807 2197 865 2263 ἔδει
879 2204 942 2265 τῶν
953 2200 1072 2264 παίδων
1086 2196 1194 2280 καὶμὴ
1207 2200 1337 2274 συνεξα-

229 2296 414 2397 μαρτάνειν·
442 2298 507 2363 ἀλλ’
524 2298 599 2384 είχεν
614 2300 709 2366 αὐτὸν
725 2301 803 2385 έραις
820 2307 884 2366 τῶν
899 2301 1070 2383 ἀλλοτρίων
1082 2296 1271 2384 χρημάτων·
1298 2298 1336 2364 οδ

229 2401 288 2489 γάρ
302 2398 424 2486 Ἑλένης
437 2404 578 2488 γυναικός
596 2404 651 2487 τὴν
666 2405 837 2487 ἐπιθυμίαν
851 2400 944 2486 εἶχεν,
972 2402 1052 2469 ἀλλὰ
1067 2409 1128 2468 τῶν
1141 2401 1271 2488 Ἀτρέως
1283 2404 1378 2476 naim

228 2506 373 2582 Πέλοπος
384 2502 555 2592 χρημάτων
571 2507 624 2572 τὸν
639 2504 742 2573 πόθον
756 2504 827 2590 είχε.
860 2505 931 2573 δότε
944 2500 1000 2572 οὖν
1012 2508 1100 2582 δίκας
1114 2503 1187 2571 ἀνθ’
1204 2496 1248 2569 ὧν
1261 2502 1336 2589 ἧσε-

227 2605 363 2693 dicore·
391 2610 693 2695 σοιφρονιζέσθαισαν
707 2602 763 2675 οὗν
778 2609 820 2675 δι’
835 2606 919 2693 daeg
933 2608 1077 2692 Ἓλληνες
1100 2609 1151 2674 καί
1164 2604 1334 2693 βάρβαροι.

310 2711 350 2777 Oi
369 2711 404 2775 δέ
426 2714 588 2778 πείθουσιν
612 2713 708 2779 αὐτὸν
724 2709 825 2799 λάτρα
844 2709 982 2795 λαβόντα
996 2712 1051 2779 τδν
1066 2709 1173 2799 νεκρδν
1186 2735 1336 2798 παραχω-

299 2856 340 2912 12.
358 2854 483 2925 πλωτός]
499 2856 628 2921 ecardo?
695 2859 740 2915 23.
760 2856 812 2927 Ol]
827 2852 862 2915 ε0
879 2858 932 2912 Ox.

230 2984 272 3045 ts,
290 2978 408 3031 Graecos
425 2974 505 3039 adiit,
532 2976 652 3030 soterem
668 2994 769 3043 mcum,
794 2983 899 3047 praeter
914 2981 999 3030 vestes
1021 2978 1050 3029 et
1074 2974 1250 3040 ornamenta,
1276 2972 1335 3027 auri

250 3063 336 3116 noque
358 3053 387 3099 et
410 3046 512 3114 argenti
541 3046 686 3115 plurimum.
720 3048 824 3101 Priamo
841 3054 926 3101 autem
943 3044 1182 3115 appropinquante,
1206 3042 1335 3096 silentium

229 3065 1016 3241 {ruiturossohiaasarota:aaa
1039 3111 1335 3235 satisdator

229 3226 292 3325 quos
309 3254 424 3307 Priamus
441 3252 485 3307 ubi
503 3253 653 3323 conspexit,
665 3204 705 3308 1dd
722 3262 818 3307 terram
835 3223 987 3323 procidens,
1003 3251 1187 3323 pulveremque
1199 3251 1231 3302 in
1248 3250 1335 3319 capita

248 3332 347 3387 estans,
375 3324 554 3377 obtestabatur
572 3342 630 3387 eos,
657 3324 697 3377 uti
714 3342 800 3377 secum
817 3331 966 3393 precatores
984 3320 1109 3374 Achillem
1125 3318 1335 3388 interpellarent,

228 3341 262 3443 dc
280 3392 401 3446 Hectoris
418 3410 527 3461 corpore
544 3393 684 3446 reddendo.
720 3392 801 3461 Cujus
818 3392 915 3446 miserti
933 3392 1031 3443 Nestor
1047 3397 1075 3442 et
1090 3388 1256 3451 Idomeneus,
1273 3404 1335 3456 pre-

228 3460 301 3514 cibus
319 3462 372 3528 ejus
391 3470 551 3527 annuerunt;
574 3463 766 3532 Achillaeque,
785 3462 824 3515 uti
840 3460 963 3514 Hectoris
980 3476 1076 3528 corpus
1092 3459 1246 3521 redderent,
1263 3456 1335 3509 solli-

228 3530 352 3582 citarunt.
389 3530 468 3581 Pater
485 3548 548 3583 vero
566 3538 625 3585 tuus
642 3548 730 3583 eorum
749 3530 868 3600 precibus
886 3539 982 3595 incuss,
1005 3528 1133 3581 Priamum
1151 3525 1178 3578 in
1196 3525 1335 3578 tentorium

227 3599 353 3653 accersite
385 3596 513 3665 ingressus
531 3608 616 3652 autern
640 3600 773 3665 Priamus,
803 3599 894 3653 Achilli
910 3598 1020 3668 supplex
1037 3596 1073 3649 ad
1089 3596 1182 3665 pedes,
1209 3610 1261 3645 una
1277 3610 1335 3647 cum

226 3666 404 3723 Andromache
423 3666 534 3735 filiisque
559 3670 631 3735 ejus,
658 3668 820 3739 procidebat
842 3668 989 3735 ,Polyxena
1012 3683 1075 3719 vere
1099 3664 1182 3734 patris
1198 3662 1238 3715 tui
1255 3662 1335 3732 pedes

227 3735 361 3803 amplexa,
385 3734 454 3787 ultro
472 3736 629 3804 spondebat,
655 3757 697 3801 se,
723 3740 799 3791 modo
816 3737 906 3790 fratris
923 3754 1018 3806 corpus
1034 3734 1172 3798 redderet,
1195 3731 1224 3785 in
1240 3748 1336 3815 perpe-

226 3805 340 3857 tuusnci
365 3804 572 3858 subservituram.
607 3806 675 3859 Turn
710 3806 737 3859 ni
755 3808 867 3861 aderant
885 3805 984 3870 Duces,
1015 3803 1112 3857 Priami
1129 3809 1268 3855 senectutis
1286 3818 1336 3854 nu-

225 3874 305 3939 serti,
325 3890 371 3942 pro
390 3891 421 3926 eo
439 3872 504 3926 fiunt
520 3874 658 3944 supplices
692 3824 793 3929 {arens
810 3884 894 3929 autem
910 3884 985 3937 tuus,
1020 3874 1219 3943 „Oportuerat
1240 3869 1336 3953 iuquit,

225 3941 357 3997 Priamum
373 3942 440 3996 filios
457 3960 516 3997 suos
533 3943 657 3997 maturius
675 3948 833 4009 coercuisse,
858 3961 944 4013 neque
962 3962 991 3995 se
1007 3942 1111 3995 sceleris
1128 3956 1216 3994 corum
1233 3938 1337 3991 dedisse

245 4012 386 4082 articipern.
423 4013 516 4065 Verum
533 4014 641 4067 tenebat
664 4032 719 4067 eum
736 4012 979 4067 rerum‘aiienarum
1002 4011 1119 4081 Cupide:
1146 4026 1195 4063 nec
1211 4014 1263 4062 tam
1278 4007 1337 4059 He·

236 4097 308 4133 enam
326 4098 445 4147 uxorem,
475 4100 551 4151 quum
577 4082 681 4151 Pelopis
709 4090 737 4137 et
763 4083 837 4137 Atrei
862 4081 967 4135 divitias
991 4082 1134 4150 appetebat
1156 4076 1213 4133 sibi.
1264 4074 1337 4129 Male

226 4148 308 4219 igitur
332 4167 350 4203 a
366 4150 440 4203 vobis
457 4150 582 4205 factorum
607 4169 702 4221 poenas
726 4152 804 4216 date;
836 4161 974 4221 vestroque
996 4148 1114 4221 exemplo
1131 4148 1245 4201 habeant
1268 4146 1337 4199 haec

226 4218 275 4275 sibi
293 4220 390 4274 Graeci
407 4220 571 4291 barbarique
586 4220 613 4273 iu
631 4221 816 4275 documentum.

295 4289 380 4345 Duces
404 4298 490 4345 antem
506 4290 668 4356 suadebant,
694 4291 733 4345 uti
757 4297 866 4362 accepto
892 4287 1077 4359 redemptionis
1093 4284 1195 4357 pretio,
1221 4281 1338 4339 cadaver
