2950 4817
241 336 319 409 708
660 328 665 335 ’
692 321 901 393 BENTLEII

122 494 126 499 ⁴
240 504 302 567 lias
323 503 389 584 ipsa
410 499 497 563 olibis
516 495 745 584 Αρηνοβοοκδς,
766 492 1027 583 προβατοβοσκδς,
1055 500 1227 577 Σοφοκλῆς
1253 500 1367 571 ussat

241 591 293 653 καῖ
305 583 451 671 γράφεται
463 584 497 649 δὲ
511 578 732 668 ἐρρηνοβουκδς
745 582 796 648 διά
810 608 841 648 τι
856 589 912 648 κοῦ
924 592 939 625 *
955 582 993 647 im
1010 582 1062 646 καλ
1077 588 1139 645 τοῖν
1153 578 1273 663 pipur-
1308 580 1370 639 Ve-

242 696 311 737 rum
325 673 377 733 bio
391 672 511 752 quidam
526 672 613 731 locus
626 694 644 733 a
658 671 781 732 librario
795 671 924 751 pessime
938 678 1081 750 acceptus
1101 678 1161 728 est:
1182 669 1252 748 ipse
1269 676 1369 725 autor

240 781 348 863 procul
363 779 475 839 abesto
493 799 583 844 noxa.
628 782 706 857 Lege
725 780 889 856 Σοφοκλῆς
917 780 1013 859 Τυροῖ
1031 756 1065 857 δ’
1084 756 1237 856 γράφεται
1257 772 1296 837 δὲ
1311 772 1368 836 καλ

242 880 465 971 ἔδρηνοβοσιιδς
489 880 541 947 διά
562 907 594 946 τε
611 866 710 983 το-ὖῖ
724 882 776 947 καὶ
793 888 854 945 ταῖν
871 862 990 982 ’βξ-ρῶν.
1033 882 1199 953 scribitur,
1224 882 1290 957 ait,
1318 880 1366 961 tt-

242 989 427 1076 ρηνοβοσκδς
438 990 624 1071 perlitatum
640 1016 663 1055 e.
680 1001 710 1052 et
721 990 875 1070 duplicem
889 1015 916 1073 ρ.
944 990 1184 1070 Etymologieum
1197 1006 1365 1065 magnam:

236 1094 480 1181 Ερδηνοβοοκδς,
497 1093 773 1178 δαροβαιοβοοκδς
788 1098 821 1161 ἒν
841 1104 936 1180 Τυροῖ
953 1102 974 1181 β
998 1100 1169 1176 Σοφοκλῆς.
1205 1096 1230 1173 †
1248 1088 1364 1174 Epami-

242 1209 316 1267 ροας
332 1194 364 1245 et
380 1188 523 1263 Εμπηροι
536 1183 644 1242 vitium
660 1184 846 1263 Exemplaris
857 1194 902 1243 est
914 1204 971 1264 pro
981 1177 1148 1263 Εμμήρους
1163 1185 1363 1259 ολΕμμηροι.

241 1272 310 1350 lpse
329 1270 400 1329 alibi
420 1266 593 1328 emendate:
617 1264 799 1351 Εμμήρους,
833 1268 866 1331 ἒν
893 1266 1021 1353 ὁμηρείᾳ
1042 1264 1147 1342 ὄντας,
1176 1260 1266 1343 παρα
1288 1260 1363 1335 roric

242 1349 379 1435 δμήρους
397 1348 470 1424 roric
490 1349 540 1413 tat
566 1349 713 1433 ουμβάσει
736 1352 924 1431 διδομένους.
966 1354 1063 1411 Totus
1086 1361 1185 1411 autem
1208 1352 1301 1409 locus
1324 1348 1363 1407 ad

240 1438 325 1500 buno
341 1438 465 1499 modum
482 1438 710 1497 constituendus
720 1448 782 1497 est:
798 1434 976 1519 Εμμῆρους,
990 1430 1166 1519 Δημήτριος
1178 1436 1214 1501 ἐν
1224 1438 1363 1521 Σικελίᾳ.

406 1518 648 1602 Λακεδαιμόνιοί
663 1518 699 1583 θ’
716 1522 806 1602 ἡμῶν
819 1521 856 1584 rai
869 1526 950 1602 τείχη
963 1522 1143 1603 κατέβαλον,

407 1605 471 1667 Καὶ
484 1601 537 1679 τοῖς
551 1601 684 1687 τριήρεις
698 1606 808 1687 ἔλαβον
817 1604 999 1688 Εμμήρους,
1019 1604 1103 1681 ‘irrue

406 1688 529 1768 Μηκέτι
543 1696 834 1770 θαλαττοκρατοῖντο
851 1686 1104 1769 Πελοποννήσιοι.

240 1776 410 1837 Demetrius
428 1775 485 1834 iata
504 1776 644 1835 Comicus
663 1778 738 1853 luit3
762 1787 792 1836 et
815 1776 866 1835 illa
886 1777 989 1835 sabula
1005 1776 1150 1855 inscripta
1174 1782 1226 1833 est
1248 1773 1362 1833 Sicilia.

243 1862 344 1935 Quare
355 1879 513 1940 perperam
534 1858 677 1921 hactenus
697 1861 873 1941 judicarunt
894 1864 954 1922 viri
977 1862 1078 1935 docti,
1099 1862 1152 1939 qui
1172 1858 1363 1937 scriptorem

243 1966 310 2005 eum
334 1944 531 2019 Historicum,
560 1946 726 2006 orationem
752 1956 852 2005 autem
874 1946 1041 2026 prosaicam
1069 1966 1135 2005 esse
1161 1954 1361 2005 censuerunt.

241 2028 413 2091 Athenaeus
426 2030 478 2089 lib.
501 2034 531 2094 8.
575 2025 749 2111 Δημήτριος
769 2030 787 2095 o‘
806 2027 1021 2116 κωμῳδοποιὸς
1045 2030 1078 2093 ἐν
1091 2034 1134 2115 τῷ
1149 2028 1363 2110 ἐπιγραφομέ-

151 2120 173 2174 V
190 2120 226 2179 st
243 2140 288 2202 νρο
302 2110 431 2196 δράματι
446 2115 576 2199 Σικελίᾳ.
620 2114 822 2195 Etymologici
844 2126 933 2176 autor
952 2111 1097 2188 Σικελοδς
1117 2114 1276 2189 inscribit,
1298 2134 1362 2173 uon

243 2202 401 2265 Σικελίαν·
430 2220 498 2259 eum
520 2198 590 2259 vido
612 2200 645 2258 in
667 2196 843 2281 Εμμήρους.
887 2205 1139 2283 ᾸςΧωρουυμεῖν,
1167 2192 1359 2279 ὀργίζεσθαι.

245 2287 376 2367 Oportet
388 2295 423 2344 ut
436 2284 665 2344 conniventibus
680 2287 775 2346 oculis
788 2286 863 2345 haec
876 2287 981 2365 legerit
995 2284 1171 2365 Hesychius.
1209 2286 1276 2361 ligo
1294 2285 1362 2363 quii

244 2372 312 2432 dem
332 2372 404 2431 meis
418 2370 471 2430 vix
485 2368 572 2428 fidem
587 2369 701 2449 babeo,
726 2392 793 2431 cum
809 2374 866 2431 ista
882 2371 959 2451 lego.
1002 2370 1209 2431 Proculdubio
1225 2371 1270 2430 sic
1283 2372 1360 2429 scri·

241 2466 330 2540 ptum
354 2464 400 2515 est
423 2456 555 2533 aprima
579 2476 683 2516 manu:
721 2464 927 2539 χειρονομεῖν,
956 2452 1121 2537 ὀρχεῖσθαι.
1172 2456 1244 2535 lpse
1268 2456 1360 2515 alibi:

241 2535 432 2622 χειρονομος,
455 2533 609 2619 ὀρχηστής.
653 2542 795 2601 Mannum
815 2543 869 2601 iste
882 2552 980 2600 motus
996 2562 1064 2599 cum
1076 2550 1158 2599 certa
1173 2540 1239 2619 lege
1252 2550 1287 2601 et
1303 2560 1359 2599 nu·

241 2647 327 2686 mero
351 2626 460 2683 bonam
483 2637 597 2703 portam
619 2627 787 2687 saltationis
808 2628 878 2687 olim
906 2627 1115 2688 constituebat.
1166 2626 1261 2685 Plena
1288 2636 1359 2686 suut

149 2793 175 2849 0
193 2794 228 2850 89
242 2711 812 2874 exemploru&sppllltpmlptttsstsgtnuzpt
825 2796 933 2855 mirum
948 2796 1128 2855 simulachra
1142 2796 1261 2856 moveri

405 2878 594 2960 Brachioque
606 2881 640 2940 iu
654 2902 813 2941 numerum
826 2883 941 2963 jactare
958 2892 989 2942 et
1004 2892 1121 2943 caetera
1136 2882 1282 2942 membra.

240 2964 280 3026 Et
317 2973 414 3025 osteo:

294 2985 315 3045 P
408 3047 490 3121 Quid
505 3070 614 3128 porro,
636 3050 668 3109 in
683 3072 839 3111 numerum
854 3050 1020 3131 procedere
1036 3072 1128 3131 quum
1142 3051 1331 3113 simulachra

408 3134 564 3194 Cernimus
577 3137 608 3194 iu
622 3135 754 3212 somnis,
777 3148 807 3197 et
822 3137 921 3195 mollia
937 3139 1068 3196 mambra
1086 3158 1226 3214 movere,

407 3218 510 3279 Mollia
526 3220 677 3281 mobiliter
694 3242 786 3301 quum
804 3222 927 3281 alternis
942 3222 1065 3281 brachia
1080 3224 1213 3283 mittunt.

242 3294 441 3379 Hellopia,
470 3298 587 3368 reilana
610 3300 823 3390 ἀντιστρόφοις.
866 3306 998 3367 bladium
1024 3306 1083 3367 hoo
1104 3308 1234 3368 verbum
1250 3318 1302 3368 est
1317 3309 1361 3369 in-

240 3394 290 3445 ter
304 3385 505 3453 Καλυδώνιον
520 3400 551 3449 et
566 3385 718 3466 Κάλυκας.
753 3392 892 3471 Agnosco
918 3413 1038 3452 manum
1061 3403 1091 3451 et
1110 3393 1264 3469 ingenium
1285 3396 1360 3455 Cor·

242 3470 381 3529 rectoria:
408 3474 460 3552 qui
484 3474 640 3552 videlicet,
663 3498 733 3535 cum
752 3478 784 3535 in
807 3476 959 3556 Hesychia
983 3499 1037 3536 suo
1058 3478 1172 3554 legerat
1193 3476 1359 3555 Κάλαριν,
1445 3516 1446 3525 ¹

242 3549 376 3630 uttam,
404 3558 495 3638 idque
515 3560 767 3623 animadverterat
789 3572 874 3621 extra
895 3565 1000 3623 seriem
1018 3574 1047 3623 et
1064 3574 1257 3643 praepostere
1274 3567 1360 3643 poni,

242 3637 442 3718 adscripserat
455 3644 485 3702 in
501 3648 633 3723 margine
651 3668 667 3706 e
682 3649 804 3726 regione
818 3647 895 3724 loci,
917 3644 1141 3729 Αυτιστρόφας.
1162 3670 1278 3730 nempe
1295 3654 1361 3711 ariae

241 3744 325 3782 serso
339 3726 395 3800 legi
411 3740 549 3807 oportere
567 3729 709 3807 Καλυιια,
731 3730 876 3811 κάλυψιν.
921 3734 1025 3793 Postea
1049 3735 1127 3793 illud
1145 3729 1360 3812 ἀντιστρόφως

174 3826 179 3836 “
242 3827 300 3904 per
312 3808 456 3870 inscitiam
474 3814 667 3875 librariorum
689 3817 853 3878 insinuavit
876 3840 908 3878 aa
930 3820 962 3879 in
985 3839 1115 3880 versum.
1161 3820 1238 3893 Quis
1261 3820 1359 3902 bajus

241 3906 368 3952 rorante
383 3916 439 3955 nos
453 3902 654 3979 suspicionem
667 3900 795 3961 babuit?
818 3903 899 3976 Quin
913 3915 943 3963 et
960 3904 1031 3963 alibi
1049 3915 1118 3982 post
1129 3925 1233 3963 vocem
1251 3910 1358 3985 Προσ-

242 3971 419 4059 βαλλοιντο,
449 4002 525 4060 quae
549 3987 668 4086 etipsa
694 3990 802 4048 vitiosa
828 4000 890 4065 est,
919 3986 996 4047 haec
1020 3990 1116 4065 leges:
1151 3989 1357 4067 Προσελθοῖν,

241 4062 425 4143 προσβαλεῖν
436 4064 467 4140 ἐξ
487 4064 705 4153 α’ντισκροφως.
748 4074 820 4133 llele
844 4071 902 4131 hoc
925 4074 1136 4149 novissimum,
1160 4076 1242 4153 quod
1260 4077 1357 4135 nimi·
1444 4070 1445 4075 ἵ

241 4168 310 4207 roan
326 4150 363 4205 ab
380 4152 571 4213 emendatore
586 4167 647 4231 est,
670 4158 722 4237 qui
737 4158 936 4218 adnotaverat
948 4159 1105 4236 legendum
1125 4180 1216 4218 essee
1230 4182 1358 4220 conser-

242 4254 275 4291 ιο
290 4233 680 4316 Προσβαλυῖνκροοελθοῖν.
724 4243 794 4317 Quo
816 4242 890 4303 nihil
915 4246 1015 4303 verius
1039 4246 1099 4304 dici
1125 4246 1259 4323 potuisse
1279 4266 1358 4303 cen-

242 4336 307 4378 seo:
342 4320 396 4381 sed
415 4321 450 4381 in
471 4324 583 4405 altaro,
612 4327 786 4410 quicunque
810 4328 886 4409 luit,
913 4330 1086 4411 longissima
1107 4353 1126 4391 a
1147 4350 1220 4393 vero
1243 4330 1354 4391 abluit.
