2950 4817
256 276 334 352 734
706 268 918 357 suumn

256 446 387 530 Appello
408 443 449 507 ad
476 445 693 526 elegantiorem
713 444 870 507 hominum
891 444 1024 527 judicia,
1055 465 1158 509 annon
1184 444 1305 505 melior
1329 442 1389 503 sli-

257 545 372 615 quanto
387 534 426 595 sit
437 534 527 594 lectio
541 554 580 593 ex
597 534 772 614 conjectura
785 543 905 594 nostre:

424 649 545 729 Αίτιος,
566 650 585 715 d
596 647 720 735 γράψας
729 651 837 727 Αίττα,
860 652 1060 733 Καλλίμαχος.

161 776 240 835 072
259 773 416 833 Caeterum
445 769 537 831 homo
563 770 687 831 Maleloe
715 771 955 849 germanissimus
984 771 1157 851 Fulgentius
1183 766 1389 841 Planciades,

257 856 461 933 tentaculum,
483 858 597 934 inquit,
616 859 749 937 gustatio
764 855 884 920 dicitur.
929 853 1134 919 Callimachus
1148 854 1284 915 Interior
1311 850 1390 911 Ien-

257 940 390 1004 asculum
402 940 535 1023 proferre
547 938 626 1005 Joui.
671 943 791 1001 Diceres
805 940 886 1001 huuc
903 965 920 1002 s
934 944 1047 1003 loanne
1060 938 1180 1022 Ετήστα
1200 941 1258 1000 illa
1272 950 1390 999 mutus

258 1029 389 1110 petiisse.
432 1026 514 1085 lllud
534 1047 607 1086 vero
628 1027 807 1089 incredibile
827 1028 986 1105 videatur,
1009 1030 1196 1107 Cyrenaeum
1207 1026 1309 1087 ,illum
1331 1024 1390 1081 [τε-

258 1117 320 1175 tine
340 1112 427 1192 loqui
439 1123 469 1172 et
482 1111 604 1187 quidem
618 1134 726 1173 versu:
748 1134 817 1173 num
841 1112 886 1171 sic
913 1113 992 1191 lego.
1040 1110 1212 1173 Jentnclum
1237 1106 1390 1191 proferre

259 1196 330 1257 Jooi
349 1231 392 1244 -
413 1230 457 1243 -
477 1228 521 1242 -
542 1198 601 1256 Sed
624 1198 732 1257 minuit
758 1197 1001 1273 admirationem,
1038 1198 1121 1276 quod
1141 1194 1334 1271 Fulgentius
1359 1202 1388 1251 et

259 1283 396 1343 Mnaseas
418 1276 608 1363 Edponeoxoi
630 1292 660 1343 et
685 1283 892 1343 Demosthenis
927 1284 1096 1365 Philippica
1122 1281 1243 1341 viderit
1273 1278 1386 1336 Latino

258 1390 397 1427 sermone
411 1371 590 1447 conscripto.
634 1368 901 1429 SicutOvidinnae
918 1370 1012 1429 Ibidis
1032 1378 1120 1427 vetus
1135 1368 1387 1443 Enarratorpu·
1446 1378 1447 1431 f

258 1454 423 1513 tidiaaimos
438 1474 544 1513 sersus
558 1475 669 1534 eosque
685 1458 808 1515 Latinos
825 1456 967 1535 Eupolidi
987 1465 1017 1517 et
1039 1453 1225 1535 (jocularem
1247 1449 1386 1511 hominis

261 1537 506 1613 confidentioml)
529 1540 700 1597 Democrito
714 1540 838 1615 affingit.
1446 1534 1447 1541 ί

347 1636 428 1694 Illud
437 1644 592 1715 praeterea
605 1656 670 1715 pag.
684 1638 736 1701 52.
757 1634 873 1710 Καθοίς
887 1629 1084 1717 Δήμαρχοςᾶ
1105 1632 1294 1714 σοφώτατος
1315 1655 1385 1697 συν-
1446 1654 1447 1657 ’

241 1715 417 1805 modom
440 1719 510 1800 moi
535 1725 591 1782 τοῦ
617 1716 714 1783 αὐτοῦ
735 1715 906 1799 Διονύσου,
945 1732 1089 1801 corrupte
1118 1720 1287 1779 exhibetur
1316 1722 1384 1779 loco

262 1810 440 1886 Δείναρχος.
480 1805 557 1865 Nam
579 1805 725 1883 Georgius
748 1807 873 1867 eandem
898 1807 1054 1867 historiam
1083 1825 1280 1881 memorans,
1313 1806 1384 1865 Δεί-

261 1916 387 1971 ναρχος,
410 1892 468 1966 ait,
501 1888 518 1952 ὁ
542 1888 686 1970 ποιητής,
713 1886 770 1971 ου’χ
794 1890 812 1955 d
833 1886 944 1973 ῥήτωρ.
968 1902 998 1951 et
1024 1890 1245 1969 Hieronymus:
1268 1890 1383 1947 Dinar-

218 2029 222 2038 .
254 1976 335 2050 ‚chus
354 1992 458 2054 poeto,
488 1998 548 2035 non
563 1972 688 2039 Βίτων.
732 1978 777 2035 lle
801 1997 861 2057 quo
885 1978 917 2037 in
939 1977 1073 2037 diversas
1094 1975 1262 2036 sententias
1279 1976 1382 2034 ierunt

260 2062 321 2123 viri
334 2060 427 2121 docti.
472 2060 570 2121 Verba
588 2063 728 2122 Demetrii
749 2063 893 2141 Magnetis
907 2063 939 2121 in
962 2083 1053 2143 opere
1069 2062 1147 2143 Περὶ
1169 2066 1234 2123 τῶν
1253 2056 1382 2139 Operti-

261 2170 328 2229 μων
343 2146 426 2225 apud
442 2148 619 2226 Dionysium
639 2149 733 2207 llalic.
760 2145 940 2229 Δεινάρχοις
961 2147 995 2211 di
1015 2142 1194 2226 ἐνετύχομεν
1210 2146 1380 2227 τέτταρσιν,

261 2225 308 2297 dv
321 2231 403 2295 imru
418 2229 438 2294 τί
452 2230 509 2312 μὲν
525 2232 559 2295 ἐκ
572 2237 635 2295 τοῖν
650 2227 790 2314 ρητόρων
804 2240 866 2297 τοῖν
879 2237 1032 2298 Arruntio·
1055 2230 1073 2295 o‘
1088 2234 1121 2293 di
1137 2230 1194 2306 τας
1205 2232 1281 2313 περὶ
1301 2227 1380 2312 Κρή-

258 2341 316 2397 την
328 2312 498 2398 συναγήοχε
513 2321 715 2401 μυθολογίας·
738 2317 755 2381 ὁ
773 2316 807 2381 di
819 2314 1020 2399 πρεσβύτερος
1037 2316 1093 2398 μὲν
1108 2312 1230 2395 οίμφοῖν
1246 2312 1378 2388 τούτοιν,
1446 2360 1447 2363 ¹

260 2399 375 2482 Δήλιος
388 2400 423 2464 δὲ
438 2401 474 2466 eo*
493 2403 599 2483 γένος,
618 2403 922 2486 πεπραγματευμένος
938 2410 1027 2467 τοῦτο
1051 2401 1106 2483 μὲν
1129 2402 1218 2478 ἔπος,
1243 2400 1380 2465 τοῦτοδὲ

258 2493 399 2568 πρᾶγμα·
422 2488 561 2567 τέταρτος
576 2486 609 2552 δὲ
623 2488 724 2569 decepi
745 2486 872 2570 Ομήρου
892 2484 981 2569 λόγον
1002 2484 1216 2561 συντεθεικώς.
1266 2490 1305 2547 Et
1324 2489 1379 2547 Ge-

259 2573 369 2634 rsrdus
381 2572 503 2650 quidem
518 2574 641 2633 Vossius
657 2577 689 2633 in
707 2576 865 2655 praecium
889 2596 980 2655 opere
1007 2574 1045 2633 de
1061 2574 1242 2650 Historicis,
1262 2572 1377 2635 Dinar-

260 2657 351 2732 chus,
373 2660 432 2732 sit,
454 2654 559 2717 Delius
582 2656 732 2721 Cretenses
745 2656 876 2744 fchulns
898 2657 1033 2739 collegit,
1056 2674 1089 2717 ut
1109 2660 1320 2736 cognoscimus
1338 2680 1377 2717 eo:

259 2742 404 2822 Dionysio
420 2740 498 2804 Hal.
530 2742 658 2803 Videtur
674 2741 753 2803 idern
774 2745 889 2825 signori
905 2743 944 2803 ab
969 2742 1113 2818 Eusebio,
1135 2742 1188 2803 uhi
1208 2742 1247 2803 rie
1262 2742 1377 2803 Bocchi

258 2831 350 2908 gestis
364 2825 505 2909 ίοραιοτ,
527 2830 589 2906 cit,
611 2832 660 2901 ΙΩς
677 2848 755 2908 φησι
774 2830 941 2909 Δείναρχος
970 2828 989 2891 o‘
1012 2825 1140 2909 ποιητής
1152 2821 1208 2907 mig
1228 2827 1248 2891 ai
1269 2822 1375 2910 ῥήτωρ,

263 2912 475 2971 condonamus
490 2914 611 2991 quidem
635 2915 663 2973 ei
686 2908 850 2995 dudprnpu
869 2910 1074 2994 μνημονικόν·
1097 2934 1194 2993 neque
1216 2914 1301 2973 enim
1322 2914 1378 2973 lle-

259 2998 323 3057 lius
344 2998 402 3056 suit
415 2998 602 3059 Cretensium
619 2996 798 3061 Fabulnrum
820 3000 985 3068 collector,
1008 2999 1062 3058 sed
1079 2998 1234 3059 secundus
1251 2999 1311 3058 ists
1328 3019 1377 3057 os-

264 3083 328 3142 acio
343 3084 426 3161 quia3
449 3103 538 3161 quem
557 3085 611 3143 vix
627 3095 721 3145 estut
740 3086 906 3145 existimem
926 3106 974 3144 ess
995 3086 1135 3145 versibus
1151 3083 1303 3159 edidisse,
1323 3085 1377 3143 sal-

264 3178 322 3228 tem
338 3167 396 3227 hoc
415 3188 474 3227 non
489 3171 681 3250 exploratum
701 3181 756 3233 eat.
800 3172 934 3247 Scaliger
955 3172 984 3229 in
1003 3172 1116 3231 Graeca
1132 3169 1260 3229 Eusebii
1282 3190 1316 3249 p.
1329 3173 1376 3234 31.
1446 3176 1447 3191 ³

268 3251 424 3329 Viderint,
446 3254 505 3329 ait,
526 3255 652 3326 eruditi,
675 3278 715 3314 on
735 3258 838 3315 tertius
857 3255 1078 3317 Dinarchorum
1095 3251 1211 3335 Δήλιος
1228 3253 1267 3319 sd
1284 3253 1377 3334 γένος,

263 3339 569 3420 πεπραγματευμένος
586 3346 676 3403 τοῦτο
689 3338 744 3421 μὲν
758 3340 845 3418 ἔπος,
867 3346 956 3405 τοῦτο
979 3340 1164 3421 δὲπρᾶγμα,
1186 3344 1227 3399 sir
1243 3343 1299 3400 iste
1309 3363 1378 3420 poe-
1446 3348 1447 3389 ὲ

29 3471 30 3494 ,
263 3438 315 3498 to,
337 3446 423 3505 quem
436 3427 532 3484 innuit
548 3424 700 3487 Eusebius.
743 3424 824 3485 Nom
846 3448 918 3485 sone
935 3426 1010 3486 mihi
1032 3429 1150 3507 ignotus
1171 3440 1224 3486 est.
1273 3426 1376 3485 llscts·
1446 3424 1447 3485 i

29 3535 31 3592 γ
262 3528 320 3567 nus
335 3509 456 3587 quidem
471 3511 601 3587 accedo,
627 3521 662 3571 ut
677 3520 729 3570 aut
742 3512 799 3571 iste
819 3511 858 3571 sit
879 3521 985 3591 poeta,
1007 3510 1122 3589 dequo
1142 3510 1309 3584 Eusebius,
1328 3520 1377 3570 aut

29 3615 30 3655 t
57 3602 61 3609 '
262 3593 366 3652 nullus
384 3614 422 3653 ex
433 3606 573 3674 quatuor.
597 3597 657 3655 Sed
673 3596 789 3671 amabo,
808 3596 881 3676 quid
895 3597 953 3655 sibi
969 3598 1034 3655 vult
1048 3596 1125 3655 illud
1136 3595 1289 3677 πρᾶγμαΡ
1301 3618 1375 3669 num,
1446 3624 1447 3653 t

29 3675 30 3766 χ
260 3689 407 3758 quantum
416 3700 471 3757 ego
480 3681 579 3755 video,
592 3684 677 3741 nulla
691 3684 717 3742 ei
733 3682 837 3742 subeat
850 3684 1103 3759 contentioneque
1114 3683 1251 3741 scientis.
1276 3683 1376 3740 Latine

29 3793 30 3852 γ
260 3764 306 3823 sic
317 3774 431 3823 vertas:
453 3766 626 3827 Dinarchus
635 3791 740 3848 genere
755 3765 876 3842 Delius,
899 3770 951 3852 qui
967 3764 1085 3848 aliquid
1099 3764 1198 3845 dixit,
1221 3782 1250 3826 et
1263 3763 1377 3847 aliquid
1446 3802 1447 3839 γ

164 3864 190 3917 0
207 3864 242 3919 73
252 3848 354 3935 ficit:
379 3851 458 3923 sire,
480 3854 533 3933 qui
558 3850 678 3935 aliquid
702 3874 786 3911 versu
810 3850 908 3927 dimit,
931 3849 1048 3934 aliquid
1068 3876 1098 3910 re
1119 3854 1193 3933 ipso.
1234 3852 1376 3911 Profecto
1446 3846 1447 3915 l

29 4002 30 4023 χ
262 3956 325 3994 non
348 3935 477 3995 multum
498 3937 529 3995 in
549 3938 701 3998 Demetrio
721 3936 926 4017 perdidimus,
958 3938 984 3997 si
1002 3938 1101 3997 omnia
1124 3938 1168 3996 sic
1188 3937 1279 3999 dixit.
1321 3936 1376 3995 Sed
1446 3938 1447 3951 ³

29 4032 33 4102 γ
263 4021 376 4101 opinor
389 4022 539 4081 nemiuem
552 4023 668 4082 inficias
682 4024 814 4097 iturum,
838 4025 909 4103 quin
924 4026 1091 4083 mutatione
1110 4022 1270 4082 commoda
1291 4030 1321 4081 et
1335 4024 1376 4081 illi

29 4105 30 4178 l
264 4127 337 4167 suus
352 4104 465 4183 honos,
490 4117 520 4167 et
537 4109 668 4169 orationi
690 4128 744 4167 sua
759 4108 907 4169 sententia
925 4109 1044 4169 restitui
1058 4100 1166 4189 possit,
1188 4109 1214 4167 si
1225 4108 1374 4187 legemem

29 4225 30 4242 1
263 4192 567 4273 πεπραγματευμένος
580 4200 670 4257 τοῦτο
685 4191 741 4274 μὲν
756 4194 843 4271 ἔπος,
866 4198 955 4259 τοῦτο
976 4192 1010 4257 δὲ
1025 4188 1165 4280 γράμμα,
1186 4193 1220 4252 id
1243 4202 1305 4271 est,
1327 4193 1376 4274 qai

267 4274 415 4358 quaedum
429 4277 563 4343 Heroico
583 4282 715 4342 carmine
732 4282 926 4364 conscripsit,
948 4277 1014 4343 olio
1037 4281 1169 4343 oratione
1185 4300 1298 4361 proso:
1318 4277 1373 4353 vel,
