2950 4817
142 302 144 308 .
258 249 334 322 68ss
706 243 915 316 BENTLun

222 458 227 467 ·
257 419 321 481 sins
336 417 429 480 dubio
443 417 588 502 scriptum
602 431 666 504 erat
678 419 717 482 sd
735 419 797 482 hoc
809 422 999 504 exemplum:
1021 369 1140 498 Rauda
1160 421 1183 487 d
1204 427 1379 504 Σοφοκλῆς

257 499 343 569 εἶπεν
363 505 396 569 ἐν
415 511 481 578 ταῖς
502 501 695 585 α’ληθείαισιν
718 500 762 582 εἷς
789 507 852 571 ἐστι
871 503 956 584 θοός.
1006 509 1105 571 llomo
1126 510 1257 569 stolidus
1277 510 1379 568 inter-

256 594 423 673 punctione
439 589 512 652 salsa
525 591 674 672 jugulavit
692 611 830 669 versum,
850 594 1019 676 misereque
1040 595 1229 678 disperdidit.
1273 595 1380 654 Nimi-

255 697 325 736 rum
348 679 385 736 ab
409 672 583 754 α’ίηθείαισο
606 676 831 738 distinctionem
853 681 970 758 posuit,
999 701 1069 742 cum
1092 681 1191 742 oratio
1213 691 1288 760 post
1308 675 1382 742 siue

255 764 397 824 sustineri
410 761 560 822 debuerit.
604 762 662 823 Sed
677 763 805 824 alliciam
827 774 861 823 ut
874 763 1000 844 posthac
1018 765 1053 826 lsi
1067 767 1211 828 versiculi
1222 786 1302 826 sano
1318 765 1380 824 sal·

255 858 317 910 tem
331 849 410 931 pede
425 847 542 929 possint
558 846 705 912 incedere.
748 849 799 908 Sic
813 849 906 927 igitur
920 851 1069 916 emendae

424 939 472 997 Εν
481 939 548 1008 ταῖς
563 927 762 1012 deportarem,
771 927 814 1008 εἷς
826 934 906 997 ἐστιν
918 932 995 1008 θεός

424 1021 467 1092 Ος
482 1013 616 1098 οὐρανόν
632 1009 662 1079 τ’
675 1017 774 1094 ἔτευξε
784 1018 836 1081 καὶ
848 1027 938 1102 γαῖαν
951 1015 1071 1101 perusie

421 1097 545 1166 Πόντου
560 1125 591 1165 τε
604 1099 738 1185 χαροαόν
752 1098 844 1183 οἶδμα
860 1097 1001 1191 adalgus
1014 1105 1093 1186 βίας.

423 1188 537 1267 Θνητοί
551 1209 582 1249 τε
596 1185 705 1252 πολλὰν
718 1190 828 1274 καρδίᾳ
840 1185 1034 1270 πλανώμενοι

422 1267 637 1354 Ιδρυσᾶμεσθα
650 1269 799 1354 πημάτων
813 1272 1017 1382 παραψυχήν,

423 1361 508 1422 Θεῶν
524 1351 671 1442 dyrilpur'
686 1359 719 1422 ἐκ
733 1360 833 1422 λίθων
845 1385 866 1440 η
880 1359 1015 1440 χαλκίων

422 1446 455 1504 Η
465 1436 725 1525 χρυσοσεῦκτωνῆ
742 1439 940 1523 ’ίεφαντίνων
950 1439 1077 1517 τύπους.

422 1531 536 1602 Θυσίας
550 1523 713 1603 τοσούτοις
727 1528 779 1590 καί
795 1526 885 1604 usvair
897 1522 1086 1612 πανηγύρεις

424 1608 584 1692 Τεύχοντες
599 1609 696 1687 οὕτως
710 1608 848 1694 εὐσεβεῖν
863 1617 1048 1695 νομίζομεν.’

254 1695 299 1760 Ita
317 1696 379 1758 lere
399 1695 541 1776 leguntur
559 1698 639 1777 apud
655 1698 823 1773 lustinum,
845 1700 1043 1772 Clementem,
1065 1693 1251 1773 Eusebium,
1272 1693 1376 1756 Theo-

254 1782 407 1857 doritum,
429 1792 460 1843 et
478 1783 588 1862 partim
605 1781 841 1861 Athenagoram
863 1783 940 1844 adeo
961 1795 997 1844 ut
1019 1782 1151 1843 demirer
1168 1783 1377 1860 interpretem

256 1867 477 1939 Chilmeadum,
498 1867 649 1928 hominem
663 1889 735 1927 sane
747 1869 971 1946 pereruditum,
994 1869 1027 1927 in
1042 1868 1112 1926 luce
1127 1877 1190 1926 tam
1213 1867 1303 1926 clara
1320 1866 1376 1923 mi-

253 1971 311 2012 nus
326 1953 414 2013 solito
434 1953 631 2032 perspexisse.
676 1952 737 2012 Sed
749 1973 810 2012 non
822 1962 853 2012 te
864 1953 987 2029 celabo,
1010 1953 1095 2033 quod
1107 1973 1182 2032 pace
1194 1962 1377 2010 sanctorum

251 2037 389 2098 virorum
406 2038 519 2098 dictum
532 2037 639 2114 velim,
661 2035 857 2098 vehementer
868 2061 917 2099 ms
936 2038 1085 2118 suspicari
1104 2057 1166 2096 nou
1182 2057 1251 2096 esse
1263 2033 1345 2094 baec
1357 2056 1376 2094 a

252 2121 413 2203 Sophocle.
456 2121 492 2181 ld
509 2121 585 2183 adeo
603 2143 658 2182 cur
675 2123 709 2182 in
733 2125 865 2184 animum
885 2124 1043 2198 inducam,
1071 2123 1097 2182 si
1118 2143 1167 2181 me
1184 2125 1376 2198 interrogem

251 2207 344 2284 dico,
366 2207 529 2288 permirum
551 2206 626 2268 mihi
646 2218 769 2287 praeter
789 2208 847 2268 alia
870 2207 985 2285 sideri,
1014 2219 1075 2270 tam
1093 2207 1246 2266 illustrem
1267 2207 1375 2265 locum

251 2293 469 2356 Ecclesiasticis
487 2293 560 2352 solis
575 2293 741 2354 incurrisse
761 2293 795 2354 in
817 2293 941 2363 oculos,
964 2295 1093 2353 aliorum
1116 2293 1253 2352 omnium
1276 2292 1376 2352 aciem

153 2385 233 2450 013
253 2379 400 2455 effugisse.
445 2377 506 2452 Qui
525 2378 653 2455 factum,
676 2379 722 2438 uti
745 2379 922 2439 dormiisset
941 2378 994 2439 liic
1012 2376 1169 2438 Plutarchi
1189 2376 1373 2454 diligentia?

251 2463 311 2536 Qui
325 2463 528 2543 Porphyrium
550 2464 714 2544 praeterire
733 2464 835 2543 potuit
857 2463 928 2543 περί
947 2459 1066 2544 ἐποχῆς
1085 2456 1234 2544 ἐμψύχων
1248 2472 1316 2522 tam
1330 2465 1374 2520 in-

250 2549 334 2626 signe
351 2549 555 2610 testimonium
573 2549 720 2609 adversus
732 2553 794 2610 τοῖν
808 2554 930 2611 θυσιῶν
942 2544 998 2624 sole
1017 2542 1215 2630 παρανόμους
1238 2545 1373 2628 σφαγᾰς,

249 2643 285 2694 ut
307 2632 446 2694 adhunc
465 2634 567 2694 locum
587 2633 629 2694 ait
651 2633 874 2694 Theodoritual
902 2634 958 2693 Ubi
976 2645 1030 2710 tu,
1056 2633 1198 2709 Stobera,
1233 2633 1372 2705 cessasti,

248 2719 405 2780 literarum
421 2719 557 2780 oblivio?
578 2729 631 2796 tu,
657 2720 708 2800 qui
724 2728 770 2778 tot
785 2719 902 2780 forulos
917 2716 1174 2780 Bibliothecarum
1195 2717 1371 2792 excussiui,

250 2803 411 2885 Sophoclis
426 2815 525 2864 autem
543 2814 574 2865 et
588 2804 744 2886 Euripidis
758 2815 949 2864 monumenta
963 2803 1099 2865 studiose
1112 2811 1234 2884 praeter
1249 2813 1371 2862 caelen

249 2889 398 2950 lectitasti.
443 2890 566 2950 Adeone
587 2910 700 2970 paucos
722 2911 738 2950 e
755 2889 911 2965 Patribus,
932 2889 1007 2970 quid
1027 2891 1132 2950 Patres
1154 2897 1255 2948 autern
1275 2887 1370 2947 dicul

252 2993 383 3034 unumne
395 2974 525 3054 aliquem
538 2975 742 3036 tenebrionem
749 3019 760 3049 ,
782 2975 835 3055 qui
850 2975 1007 3055 supposita
1022 2995 1151 3054 persons
1172 2973 1292 3033 librum
1307 2972 1372 3032 edi·

250 3059 331 3120 derit
351 3059 404 3140 (ut
418 3069 447 3120 et
464 3060 535 3120 olim
557 3071 587 3120 et
611 3059 702 3120 hodie
722 3061 937 3120 nonnullorum
958 3059 1062 3140 opinio
1083 3069 1145 3137 est,
1168 3077 1269 3138 neque
1290 3059 1370 3117 adeo

250 3143 380 3224 injuris)
402 3146 526 3206 caeteris
546 3147 685 3208 omnibus
699 3146 951 3225 perspicaciorem
971 3154 1002 3205 et
1017 3145 1238 3224 diligentiorem
1252 3144 1368 3202 suisse‘l

251 3230 388 3292 Clemens
409 3229 486 3292 enirn
505 3241 608 3312 aperte
630 3241 660 3292 et
679 3231 809 3310 ingenue
825 3231 940 3292 fatetur
958 3230 1100 3290 Hecataei
1118 3252 1150 3291 se
1171 3229 1264 3289 tideus
1281 3249 1370 3288 secu-

249 3324 330 3392 turn,
352 3316 435 3399 apud
445 3316 543 3395 ipsum
558 3315 740 3398 Sophoclem
755 3317 878 3376 omnino
895 3337 958 3376 non
978 3316 1093 3394 legisse.
1138 3319 1166 3378 0
1182 3313 1243 3396 μὶν
1258 3319 1369 3392 Σοφο-

247 3405 337 3483 κλῆς,
360 3401 403 3462 ait
415 3405 523 3464 suom.
539 3402 577 3465 V.
602 3399 643 3477 ὅς
655 3422 752 3482 φησιν
769 3405 922 3476 Meloe
941 3401 962 3464 d
980 3397 1035 3476 τοὶς
1059 3401 1193 3480 ἱστορίας
1213 3394 1371 3475 συνταξά-

247 3509 339 3569 μενος
350 3487 384 3551 ἐν
394 3491 437 3551 roi
447 3481 517 3550 κατ’
536 3489 684 3570 Αβραμον
704 3487 757 3550 καί
772 3483 845 3560 τους
858 3487 1055 3568 Αἰγυπτίους.
1097 3485 1179 3546 Illud
1191 3494 1301 3546 summ
1316 3505 1370 3544 ex-

246 3573 400 3652 ploratum
415 3549 511 3634 habeo
531 3582 589 3632 tarn
607 3595 623 3632 ι
637 3573 756 3634 Justino
769 3583 799 3632 et
813 3573 964 3633 Clemente
976 3573 1080 3633 Patres
1101 3571 1178 3632 alios
1196 3571 1368 3650 accepisse,

247 3677 337 3736 quam
352 3659 501 3721 lustinum
516 3668 546 3720 et
561 3659 742 3719 Clementem
756 3657 952 3718 commentitii
965 3657 1029 3736 ejus
1041 3657 1181 3718 Hecataei
1195 3655 1369 3716 autoritate
1450 3660 1451 3663 ’

243 3742 413 3806 tradidisse.
457 3743 555 3818 Quem
574 3743 613 3803 ad
631 3742 785 3803 hominem
806 3742 944 3818 demum,
972 3752 1003 3802 et
1022 3763 1114 3822 quam
1133 3742 1218 3802 nulla
1237 3740 1301 3800 lide
1314 3761 1368 3800 res

244 3827 385 3906 redierit,
406 3828 499 3890 videa
542 3829 597 3889 llle
616 3849 654 3890 ns
673 3837 709 3888 ut
722 3826 866 3908 Sophocli
882 3828 1050 3889 versiculos
1070 3827 1187 3906 aliquot
1200 3837 1368 3886 vereretur

244 3913 406 3995 affingere,
435 3914 487 3993 qui
511 3914 597 3974 illum
617 3914 735 3995 ipsum,
770 3934 830 3992 quo
851 3935 904 3974 eos
925 3913 1069 3986 adduxit,
1098 3913 1209 3973 librum
1228 3911 1368 3972 ediderit

243 3999 383 4066 simulata
396 4019 525 4082 persons
540 3999 703 4060 Hecataei?
727 3999 799 4079 Ipsa
816 4008 972 4080 praeterea
987 4001 1086 4059 oratio
1103 3998 1142 4058 de
1163 4019 1195 4058 se
1216 3997 1296 4058 facit
1316 3997 1368 4056 iu·

243 4085 368 4149 dicium.
418 4085 487 4146 Non
508 4097 640 4164 agnosco
658 4083 736 4144 illud
758 4083 909 4163 χαλκίων,
938 4095 969 4146 et
989 4081 1100 4148 nolldr
1120 4091 1295 4163 sumptum,
1327 4092 1367 4141 ut
1449 4076 1450 4097 ¹

244 4172 346 4243 aiunt,
368 4170 595 4246 adverbialiter,
619 4191 683 4232 esse
696 4168 828 4230 bominis
843 4169 952 4244 larici,
972 4179 1028 4230 aut
1046 4169 1079 4230 in
1094 4167 1264 4246 Tragoedia
1281 4167 1366 4226 ferri

245 4276 344 4337 posse.
386 4256 492 4332 Qualis
512 4255 694 4322 enimhsec
716 4255 796 4320 foret
811 4255 950 4319 conlusio
969 4254 1185 4334 dialectorum,
1206 4262 1240 4316 et
1257 4263 1300 4314 ut
1318 4253 1366 4312 ait
