2950 4817
516 245 874 325 ANNOTATIONFS.
1177 256 1256 333 676

143 429 204 518 yolo
218 428 256 496 sd
270 425 378 494 ἕνατιίν
392 431 519 498 natones
534 429 677 511 Ρωμαῖοι
720 425 760 488 Et
776 447 794 488 a
809 421 930 488 censum
945 423 1083 508 quidem,
1103 425 1255 490 vocabulo

143 519 299 594 llomuuo,
323 537 432 576 numen
450 513 579 576 traxisse
598 511 786 572 menifestum
808 521 866 572 eat:
897 525 1016 574 centum
1038 522 1136 573 tamen
1150 513 1256 575 Pondo

143 604 279 686 praecise
293 623 353 662 nou
366 603 515 678 valuisse,
538 621 577 660 ex
590 599 685 679 Glyca
700 606 846 682 apparet,
865 595 971 662 Annei.
992 619 1022 680 p.
1043 605 1074 665 ί.
1093 618 1163 680 pag.
1178 588 1254 668 256.

143 689 202 748 Ubi
223 687 261 748 de
284 685 467 766 Aethiopum
488 685 590 763 regina
613 683 765 746 Salomoni
785 703 909 744 munera
930 683 1074 746 offerente
1092 684 1185 745 verba
1208 685 1257 745 fa-

144 773 245 848 ciens,
266 769 454 835 haechebet.
499 767 599 831 Simul
618 771 645 829 ei
663 765 775 850 largito
799 789 871 830 cxx.
894 771 963 829 nuri
977 767 1089 830 talentu
1104 791 1170 830 cnm
1185 793 1258 832 oro·
1346 804 1349 826 t

142 857 274 920 mutibus
290 872 345 920 etc.
361 855 403 918 od
416 879 485 917 suos
497 871 539 916 eet
555 876 676 918 reverso.
711 851 869 914 Talentum
882 875 951 915 nero
966 852 1060 914 libras
1075 875 1166 916 cxxv.
1182 877 1257 916 con-

143 946 226 1005 tinet.
269 941 316 1002 De
331 964 391 1025 qno
405 939 512 1022 colligi
526 955 640 1024 potest,
663 961 726 998 eum
751 959 771 998 a
795 940 897 1019 regino
914 935 1102 1000 &arenarios
1122 941 1191 1000 nuri
1203 962 1258 1004 no·

141 1044 221 1088 atros
233 1042 349 1089 centum
366 1027 522 1108 occepisse.
566 1024 596 1084 si
611 1043 681 1103 crgo
698 1043 770 1087 cxx.
785 1023 905 1084 talentis
920 1023 1124 1104 aequipollent
1140 1046 1167 1086 c.
1178 1025 1258 1087 Ceu·

141 1112 269 1187 tenarii;
297 1111 443 1171 talentum
468 1131 545 1172 vero
567 1131 658 1170 cxxv.
679 1109 772 1169 libras
798 1109 946 1184 continet,
983 1107 1093 1168 exhinc
1127 1120 1256 1192 apparet

142 1195 355 1258 Centenarium
374 1197 534 1256 librescn.
558 1196 729 1270 continere,
759 1193 894 1273 adeoque
915 1197 1121 1256 Centenarium
1142 1195 1255 1257 Proco-

140 1281 266 1364 pianum
282 1280 402 1342 semisse
417 1301 569 1360 superare.
612 1281 698 1342 Anne
711 1279 806 1358 igitur
820 1279 1014 1340 centenarius
1029 1277 1171 1360 duplex?
1196 1281 1256 1342 Mi·

139 1388 218 1446 nor,
241 1365 279 1426 de
302 1386 363 1446 quo
383 1366 568 1446 Procopius,
597 1367 650 1445 qui
672 1374 792 1424 centuni
814 1365 908 1426 libras
932 1368 1080 1426 continets
1107 1374 1138 1429 et
1158 1366 1255 1446 Major
1369 1403 1372 1408 -

138 1451 208 1529 ille,
236 1474 253 1512 n
270 1449 365 1532 Glyco
379 1451 499 1532 positus
506 1496 515 1526 ,
539 1449 591 1530 qui
608 1447 733 1509 Minoris
750 1451 925 1528 sesquialter
944 1460 1005 1526 est,
1026 1451 1179 1530 librsaque
1199 1450 1254 1511 ha·

137 1535 191 1596 bet
211 1557 265 1612 cu,
291 1535 456 1596 secundum
476 1533 579 1616 itaquo
598 1533 681 1594 huno
700 1544 891 1614 computum,
922 1533 1143 1616 imperatorin
1167 1537 1253 1598 urhis

138 1619 230 1702 hujus
257 1622 521 1696 instaurationem,
550 1619 576 1679 si
604 1618 642 1679 de
665 1617 783 1679 Minore
809 1621 1005 1696 centenario,
1033 1641 1129 1702 eoque
1150 1641 1252 1701 aureo,

140 1705 248 1788 (aliter
261 1708 339 1766 enim
354 1706 551 1786 pecuniarum
570 1725 685 1764 summa
706 1703 881 1765 condendae
900 1705 969 1765 urbi
990 1705 1079 1786 longe
1093 1707 1192 1788 impar
1205 1706 1253 1767 vi.

139 1788 297 1871 debitur:)
322 1789 524 1868 intelligatur,
547 1789 684 1850 Monetae
702 1800 824 1850 nostrae
839 1789 1039 1868 Anglicanas,
1064 1811 1156 1872 quam
1171 1791 1253 1856 Stes.

138 1873 205 1958 ling
219 1875 310 1956 vulgo
325 1875 462 1950 dicimus,
476 1878 591 1940 33600.
607 1874 713 1950 libras,
737 1875 943 1936 siaecnndum
957 1875 1072 1955 Glycae
1089 1897 1161 1937 vero
1176 1879 1253 1938 Ceu-

136 1960 286 2022 tenarium
307 1980 516 2038 numeremus,
538 1959 654 2026 50400.
675 1959 786 2036 libras,
807 1959 933 2038 largitus
954 1970 1017 2022 est:
1047 1962 1148 2042 posito
1168 1962 1253 2023 scili-

138 2057 202 2122 cet,
226 2046 342 2124 argenti
355 2044 473 2105 unciam
489 2065 520 2108 ν.
537 2041 656 2103 Solidos
675 2043 790 2122 valer03
816 2064 923 2108 aurum
939 2065 1014 2106 varo
1036 2046 1078 2107 ita
1095 2046 1253 2110 rehabere

137 2129 177 2191 ad
188 2140 362 2210 argentum,
385 2129 463 2191 sicut
481 2149 511 2190 1..
532 2127 572 2189 ad
590 2148 656 2191 xiv.
680 2128 779 2210 qualis
798 2126 890 2190 hodie
911 2139 957 2191 est
974 2139 1112 2194 monetas
1128 2144 1252 2198 nostras

136 2215 233 2279 valor.
1299 2222 1303 2228 ⁴

225 2303 298 2380 Peg.
321 2301 395 2366 268·
417 2301 447 2364 2.
468 2294 519 2360 sat
539 2291 731 2378 μειεκᾶίισιν
752 2291 869 2380 osiris]
891 2301 958 2363 Scr.
977 2293 1195 2382 μαειιαὶλισαν,
1215 2311 1253 2366 ut

136 2383 177 2447 ad
191 2385 280 2446 Cives
299 2383 464 2464 reseratur,
486 2391 516 2444 et
531 2403 598 2442 cnm
612 2381 845 2466 intercipiente
863 2397 1019 2465 congruet.

224 2490 297 2566 Peg.
319 2489 391 2554 268.
414 2484 445 2552 4·
466 2475 666 2567 Ανᾶζαρβον]
692 2485 869 2547 Anasarhan
884 2499 976 2550 vocat
989 2487 1174 2569 Stephanus,
1196 2489 1251 2569 qui

136 2570 176 2632 ah
189 2569 305 2632 hasrbs
323 2569 482 2632 conditore
503 2590 567 2630 eom
590 2569 635 2630 sic
655 2569 768 2630 dictem
788 2571 896 2633 innuit.
937 2572 1110 2654 Stephanus
1127 2575 1166 2635 de
1181 2575 1250 2638 nrh.

134 2653 317 2738 Αναζααβαί,
338 2649 427 2729 πόλις
439 2655 580 2732 Κιλικίας
593 2653 733 2737 sisteret
753 2649 816 2721 clud
836 2661 894 2722 soei
906 2657 1125 2742 πρσαειμίνον,
1145 2655 1248 2743 ἢᾶπό

133 2736 261 2825 Αζάρβα
271 2744 328 2804 τοῦ
338 2741 503 2814 κτίσαντος.

224 2848 297 2924 Pag-
320 2847 393 2910 268·
415 2846 464 2907 17.
486 2839 540 2904 sni
556 2837 772 2924 ἐπενοήθησαν
786 2835 849 2906 ἄνι’
872 2838 989 2922 udonis,
1010 2849 1074 2909 τόν
1092 2845 1249 2930 κυνηγίων

134 2926 262 3011 sinim]
285 2927 378 2988 ludis
396 2926 516 3006 quidem
532 2927 728 2990 Gladiatoriis
751 2927 910 2988 interdixit
928 2930 1043 2990 Nerva:
1066 2933 1247 3012 cynegetica

134 3024 236 3075 umen
258 3013 389 3074 absurde
402 3013 432 3072 in
450 3032 553 3074 eorum
575 3013 676 3074 locum
694 3013 885 3077 substituisse
905 3015 1021 3077 dicitur
1034 3017 1151 3098 Nerva,
1174 3037 1246 3100 apa-

135 3101 252 3161 ctacula
266 3100 329 3180 jaso
343 3099 415 3158 olim
433 3095 550 3178 populo
564 3097 701 3160 exhiheri
712 3099 809 3164 soliis.

222 3205 296 3286 Pog-
319 3205 400 3268 269:
418 3204 448 3265 6.
472 3193 581 3280 ιίφανῆ
602 3197 711 3264 inertie
724 3194 881 3283 ποιήσας]
910 3201 1092 3283 Opinionem
1112 3202 1191 3265 lianc
1203 3205 1247 3266 ir-

133 3287 216 3350 ridet
230 3287 397 3361 cedrenus,
418 3305 488 3365 pag.
505 3285 578 3354 248.
594 3285 727 3348 Edition.
742 3286 836 3346 Paris.
858 3305 948 3366 quem
960 3285 1083 3349 videsis.

219 3391 298 3472 Peg.
319 3393 391 3456 270.
415 3391 445 3454 8.
468 3381 640 3468 Λρσαίιιην,
665 3383 761 3452 ὅέστι
782 3387 924 3470 βασιλέα]
942 3389 1122 3469 Hesychius.
1145 3396 1246 3472 Apsc-

133 3496 201 3549 ιιες,
216 3475 249 3537 oi
259 3477 391 3555 βασιλεῖς
407 3475 545 3554 Περσῶν.
567 3473 639 3533 Inde
656 3473 799 3552 estquod
818 3473 964 3533 habemus
983 3474 1079 3554 inira,
1098 3476 1132 3536 in
1151 3477 1246 3540 Julia-

132 3579 175 3620 no
189 3559 264 3639 lmp.
286 3553 584 3642 Σαββουραρσᾶιιης,
608 3559 692 3639 qnod
714 3560 887 3640 disjunctim
909 3560 1109 3639 scriberetur,
1133 3557 1247 3647 Σαίπωρ

132 3639 297 3723 Antinoe,
327 3647 422 3724 Sopor
443 3645 519 3707 Rex.
563 3645 623 3704 Pro
643 3647 772 3726 Περσῶν
798 3655 917 3723 umen,
949 3645 1031 3726 apud
1050 3643 1246 3727 Hesyclrium,

133 3731 275 3808 suspicor
295 3729 454 3810 legendum
481 3721 642 3811 Πᾶρθανε
672 3729 804 3791 Parthici
835 3734 913 3792 euim
943 3751 1042 3810 reges,
1074 3729 1248 3795 Arsacidae

133 3813 209 3874 dicti
233 3823 312 3876 sunt.
363 3815 491 3895 Procop.
517 3814 555 3876 de
579 3815 640 3878 hel.
660 3816 743 3880 Pera.
765 3817 788 3878 l.
811 3822 842 3884 2·
872 3815 929 3880 elci
950 3812 1006 3898 μίν
1026 3815 1116 3897 ἡμῶν
1138 3817 1247 3882 πολλοί

131 3901 320 3980 Αρσαιιίδαι,
340 3891 528 3978 dilectore,
557 3897 674 3963 ἐκείνου
696 3895 842 3983 Αρσιὶιιου
864 3895 1025 3986 ἆπιίγονοι·
1049 3897 1086 3978 ὃς
1112 3899 1151 3984 dri
1175 3899 1247 3970 min

131 3987 189 4064 τῆς
211 3980 348 4066 Πάρθων
365 3987 517 4066 βασιλείας
533 3978 688 4068 ιίίίόιριος
709 3981 872 4069 ἐτύγχανεν
884 3983 944 4066 dr,
964 3985 1058 4067 ἡνίκα
1076 3985 1139 4052 sisso*
1160 3981 1244 4072 Heio-

130 4075 204 4142 θοις
216 4069 311 4133 ἔκειτο
330 4067 367 4132 coi
384 4073 511 4152 Περσῶν
526 4063 698 4154 πράγματα.
740 4071 838 4134 Persis
851 4093 925 4135 vero
947 4073 1023 4151 ilex,
1048 4072 1174 4158 Topsslp,
1195 4093 1244 4134 so-

129 4164 201 4234 nat,
223 4165 258 4214 ut
270 4176 309 4216 ex
325 4164 429 4216 nostro
444 4154 595 4223 discimus.

217 4253 293 4342 rag.
316 4263 389 4328 270.
412 4256 462 4326 14.
496 4253 548 4324 τὸν
571 4255 883 4346 Παραθεμασπᾶτην]
911 4233 975 4322 nto'
991 4258 1241 4346 Παρθαμασίρηι
