2950 4817
576 291 805 364 EPISTOLA.
1165 307 1243 381 639

132 469 204 548 ille,
233 477 353 551 sartrgo
373 469 541 552 loquendi?
569 467 716 552 oportuit
735 473 817 532 enim
838 469 918 538 ιιολιί
939 481 971 536 et
990 477 1118 556 χαλκοῖν.
1163 479 1243 542 Xoi-

133 555 214 618 ιιέοιν
224 556 345 636 quidem
359 577 377 615 a
392 554 519 637 χσλιιιιίς
531 556 631 618 Attice
643 555 774 632 dixeris3
794 558 916 619 minime
929 562 1061 638 gentium
1072 565 1243 642 σχοίνους,

132 661 196 701 non
211 642 304 721 magis
327 639 496 702 mehercule
518 663 608 722 quam
625 634 755 724 σ’γοποίει
775 644 827 704 vel
846 644 1065 726 Αριστοτέλεος.
1109 641 1241 731 Χρύσου,

134 727 179 787 sit
196 725 407 806 Phrynichus,
435 721 584 810 σίργιίρευ,
611 721 740 805 curioso,
771 724 881 809 χοίλιιιυ
901 732 997 792 ταῦτα
1014 725 1093 794 teet
1107 729 1242 816 διαιρού-

135 831 227 892 μενοι·
256 808 314 893 χρὴ
338 803 396 875 οὖν
414 810 511 894 λέγειν
530 815 642 914 χρυσᾶ,
674 806 809 896 σ’ργυροῖ,
838 818 941 878 ιιυονοῖ
962 810 1018 878 σίν
1039 819 1240 892 Arcesilam.

135 900 277 976 Χρυσοῠς
289 895 365 979 λέγι,
386 892 420 958 τέ
432 893 491 980 'peip
508 917 633 978 χρυσεος
647 894 748 974 Ιοιιιόν,
771 891 915 973 circitor
927 898 979 962 sul
991 893 1152 981 ἄργυροῦς,
1173 909 1241 982 χαί.

132 986 225 1054 σιοιῖς,
246 985 398 1057 cursorie,
418 980 471 1046 nol
484 977 522 1044 ro*
532 977 634 1062 ὅμοιοι.
676 983 761 1061 Rogo
776 981 922 1064 denique,
944 985 994 1044 cai
1006 1005 1153 1065 personae
1164 986 1241 1049 hese

134 1068 232 1126 oratio
256 1063 433 1126 conveniat?
463 1065 568 1140 Quave
593 1065 760 1147 Sophocles
780 1066 891 1128 fiducia
913 1068 960 1128 die
982 1069 1059 1130 leste
1085 1070 1240 1137 sudorum

133 1150 216 1233 (non
232 1152 305 1211 slics
323 1151 399 1212 enim
414 1151 446 1209 iu
460 1171 548 1212 scens
564 1171 656 1231 quam
675 1151 889 1214 Panathenaeis
908 1175 944 1212 ac
955 1154 1042 1213 trinis
1056 1154 1241 1218 Liberalibus

131 1236 314 1314 Tragoediae
328 1235 535 1314 docebantur)
558 1237 627 1296 illos
647 1237 731 1319 ipsos
754 1237 817 1300 dies
836 1239 929 1298 festos
944 1247 973 1297 et
988 1239 1088 1299 Ludos
1103 1243 1239 1304 solennes

130 1323 166 1382 in
182 1323 434 1402 contemptionem
457 1321 643 1382 adduceret?
664 1323 814 1383 Istaccine
835 1342 868 1384 se
884 1325 1007 1403 impune
1023 1325 1156 1387 laturum
1173 1347 1240 1407 epe·

129 1407 248 1468 raret‘l'
261 1408 367 1467 Nonne
389 1405 532 1486 Aeschyli
559 1407 728 1486 periculum
749 1409 912 1469 cautiorem
927 1428 995 1468 eum
1019 1409 1149 1486 faceret,
1177 1414 1239 1490 qui,

132 1491 216 1572 quod
230 1491 262 1552 in
275 1490 406 1571 Sisypho
422 1491 533 1570 opinor
545 1495 763 1578 πειροιιυίισιῇ
784 1493 822 1552 ad
837 1494 953 1552 Cereris
972 1493 1114 1572 mysteria
1137 1499 1241 1557 curio·
1255 1505 1282 1558 0
1300 1500 1334 1560 14

131 1579 194 1637 sias
208 1577 367 1636 videretur
387 1575 536 1652 alludere,
557 1576 615 1635 nisi
637 1575 676 1634 sd
696 1598 777 1637 eram
798 1575 910 1637 Bacchi
932 1581 1130 1658 confugisset,
1159 1582 1241 1642 illico

131 1661 303 1722 trucidatus
325 1668 404 1720 esset
424 1660 457 1718 in
480 1663 592 1720 Scene:
619 1669 723 1741 postea
746 1661 835 1721 etiem
858 1662 891 1720 in
910 1662 1067 1742 Areopago
1085 1664 1123 1724 de
1141 1667 1239 1746 capite

132 1765 189 1805 suo
205 1766 325 1806 causum
339 1743 438 1804 dixit?
460 1744 578 1822 Hebes,
600 1745 708 1822 emico,
730 1747 916 1825 suspiciones
927 1757 1065 1810 nostrast
1087 1758 1120 1809 tu
1132 1753 1237 1830 telique

133 1831 245 1892 similes
267 1849 332 1890 rem
356 1833 545 1907 cognoscite,
567 1827 599 1890 et
620 1831 796 1890 sententiam
818 1831 913 1905 serts;
940 1852 1003 1892 noa
1023 1832 1238 1918 Βοιιιιεσέληνοι

132 1915 272 1997 assidam,
293 1919 483 1995 πολυμαθεῖς
499 1915 563 1975 sine
577 1924 699 1996 pectora
716 1925 747 1975 et
760 1924 877 1992 mente,

461 1994 567 2080 σ’νέρες
580 1993 625 2063 olo
636 1995 672 2063 ad
686 1999 760 2080 κέαρ

299 2087 396 2146 Ποίοῖ
412 2079 552 2146 σίσοιιιοι
564 2084 617 2148 καί
631 2085 819 2148 δυσιιινίιισω
831 2079 950 2167 τρυγός.
1016 2149 1022 2158 ,

217 2170 374 2230 Praeclare
386 2189 460 2230 vero
483 2179 583 2229 actum
599 2178 645 2230 est
657 2189 726 2229 cum
740 2167 911 2250 Sophocle,
932 2169 1016 2249 quod
1038 2191 1056 2230 s
1074 2166 1238 2254 χρονορρσί·

131 2279 184 2340 appo
197 2264 301 2315 nostro
315 2275 376 2313 non
392 2253 451 2314 nisi
471 2255 564 2316 semel
579 2253 618 2312 ed
633 2255 743 2313 laisum
759 2255 965 2314 testimonium
982 2254 1144 2316 dicendum
1164 2259 1238 2315 cita·

129 2351 182 2400 tus
197 2341 252 2398 sit:
275 2339 434 2418 Euripides
447 2347 556 2415 eutem,
580 2339 631 2418 qui
646 2339 769 2400 hlalelee
783 2349 847 2400 erat
859 2338 952 2418 paulo
964 2339 1149 2417 familiarior,
1170 2360 1237 2418 grs-

130 2426 268 2486 vissimss
287 2425 375 2484 istius
396 2423 621 2484 consuetudinis
640 2444 754 2504 poenos
776 2423 933 2499 sustinuit3
961 2425 1038 2483 sdeo
1058 2424 1179 2504 quidem
1201 2433 1238 2486 ut

129 2531 193 2570 non
206 2511 304 2570 minus
318 2509 510 2568 incommodo
525 2507 646 2589 hospite
660 2507 721 2569 hoc
738 2506 952 2585 Antiochensi,
974 2527 1063 2587 quam
1075 2510 1146 2569 olim
1163 2510 1238 2569 Pro-

130 2595 208 2656 meri
222 2594 347 2654 canibus
361 2613 435 2654 usus
449 2615 513 2656 esso
532 2592 680 2653 videntur.
721 2595 790 2654 Non
812 2595 886 2668 erit,
909 2591 1035 2672 opinor,
1056 2593 1094 2652 ab
1115 2593 1238 2653 institu«

129 2691 164 2740 to
179 2691 281 2740 nostro
294 2679 440 2754 slienuin,
462 2681 487 2738 si
500 2679 583 2737 locos
608 2699 710 2738 omnes
726 2680 898 2738 accuratius
917 2678 1103 2755 eliqurntum
1123 2680 1238 2738 exemi-

129 2785 209 2834 nem,
227 2765 259 2824 in
277 2763 385 2844 quibas
399 2763 555 2844 Euripidis
567 2765 678 2823 mentio
693 2763 742 2824 lit:
765 2773 795 2825 et
807 2762 908 2842 quoad
922 2763 986 2843 ejas
1002 2762 1103 2825 secere
1118 2772 1236 2843 potero,
1253 2779 1279 2833 v
1296 2781 1331 2836 10

127 2850 299 2911 fabularum
315 2849 438 2925 titulos,
462 2869 523 2928 quo
536 2847 645 2927 singuli
660 2848 773 2927 quique
786 2849 847 2908 loci
861 2848 1048 2924 referuntur,
1069 2847 1234 2912 ostendum.

126 2935 258 2996 Dabitur
271 2936 395 2995 loa-tasse
411 2934 530 2992 occasio
547 2953 585 2992 ex
594 2933 794 3008 interioribus
806 2932 903 2994 literis
917 2932 1094 3011 aspergendi
1107 2931 1236 3011 aliquidz

124 3041 276 3082 memores
292 3030 393 3080 temen
413 3020 541 3097 erimus,
563 3028 600 3080 ut
619 3019 772 3100 spondeo,
792 3017 880 3080 verbi
902 3017 1028 3096 veteris,
1049 3037 1111 3106 quo
1127 3017 1237 3078 admo·

124 3125 238 3168 nemer

302 3193 348 3276 Τῇ
363 3188 439 3270 χειρί
451 3189 600 3270 σπείρειν,
621 3183 696 3270 μηδ’
708 3183 770 3274 ὅλῳ
782 3190 827 3274 τῷ
838 3180 975 3270 θυίᾶιιρι.

219 3274 304 3350 Quae
318 3275 411 3352 igitur
424 3273 517 3334 hebes
536 3291 604 3354 pag.
626 3277 677 3337 39.
701 3272 779 3354 Περί
804 3263 844 3349 ἧς
862 3265 1030 3355 (Δανάης)
1053 3265 1236 3352 ίμυθολιίγη·

128 3378 187 3426 σιν
210 3355 384 3442 Εὕρυσίιίης
402 3354 610 3437 ὅσοφσίτατος
626 3357 659 3419 έν
679 3362 719 3443 τῇ
738 3351 876 3432 συντάξει
897 3359 953 3419 σου
969 3348 1068 3417 usicosi
1085 3349 1237 3437 δράματος

127 3455 165 3506 et
178 3465 253 3524 quoe
264 3455 449 3522 sequuntur,
473 3465 489 3504 e
502 3443 603 3504 sabula
618 3441 725 3502 Danae
739 3442 894 3521 desumpta
907 3449 987 3502 sunt.
1028 3438 1144 3500 Laudat
1156 3438 1235 3499 hanc

125 3532 243 3594 Pollux
259 3529 313 3591 lib.
332 3529 362 3594 4.
384 3549 450 3609 cop.
467 3533 515 3593 16.
543 3526 688 3588 stobaeus
711 3536 809 3586 sutem
830 3546 892 3586 non
911 3525 1020 3600 semel,
1039 3534 1076 3583 ut
1093 3534 1124 3585 et
1146 3523 1235 3584 aliem

126 3614 291 3695 Sophoclis
309 3615 445 3674 similiter
458 3612 644 3693 inscriptam.
688 3612 802 3674 Harum
813 3613 988 3671 alterutram
994 3653 1004 3686 ,
1025 3608 1118 3688 magis
1134 3618 1235 3671 tamen

124 3701 342 3781 Euripidsam,
364 3694 455 3759 listins
477 3699 626 3758 convertit
646 3697 791 3772 Naevius,
811 3697 899 3778 cujus
919 3695 1020 3754 uanae
1039 3695 1138 3754 Nonio
1156 3695 1235 3754 llar-

125 3785 207 3846 cello
220 3787 339 3846 citatur.
385 3780 563 3845 Plutarchus
577 3781 784 3842 Consolatoria
799 3781 838 3842 sd
852 3780 1061 3862 Apollonium:
1083 3781 1111 3842 0
1128 3775 1162 3844 dl
1176 3800 1234 3843 σισ-

126 3865 368 3956 ρυμυθοιίμινος
378 3867 436 3951 τήν
449 3865 579 3949 Δανάην
592 3870 827 3932 δυσιιιυθοῦσυν
839 3868 951 3939 Δίιιιυς
966 3881 1043 3944 φησι

297 3960 405 4030 Δσιιεῐς
418 3950 472 4018 τὸν
485 3949 564 4032 ἅδην
583 3957 648 4016 σοῖν
662 3975 693 4015 ιι
706 3952 876 4034 φροντίζειν
886 3949 968 4034 γόων

296 4045 330 4103 Κ
330 4039 362 4102 ul
373 4033 464 4103 παῖδ’
477 4015 602 4120 doricus
613 4033 665 4100 τὸν
678 4033 747 4115 σίν,
770 4035 799 4098 εί
808 4035 913 4110 θέλοις
927 4031 1059 4108 σιένεινς

297 4127 420 4187 Παῦσαι
429 4141 441 4161 ·
457 4124 609 4205 βλέπουσα
624 4114 657 4185 d'
671 4121 714 4196 ιίς
724 4118 762 4185 cal
774 4125 836 4184 cois·
849 4120 941 4195 ιιέλυς
950 4113 1029 4182 ιισιιιί

299 4204 389 4294 Ρᾴοιν
398 4203 496 4291 γένοι’
514 4204 570 4288 ds,
593 4209 622 4273 ιί
634 4207 808 4288 λογίζεσθαι
820 4205 926 4280 θέλοις

299 4295 375 4356 Οσοι
389 4313 422 4356 τι
437 4296 559 4378 δεσμοῖς
573 4287 816 4376 dispersim-nus
826 4293 947 4374 βροτόν

173 4383 285 4440 lomnes
312 4385 440 4442 nauus.
987 4369 1029 4436 44
