2950 4817
181 304 296 351 xxrrrr
554 268 902 341 Puotuuoutelts„

182 451 266 537 pier,
289 446 396 511 ecdem
409 435 511 511 -snodo'
530 448 567 509 ab
589 448 695 510 eodes'u
718 444 891 525 Salmone,
911 445 945 505 iu
961 444 1051 505 -Notis
1073 443 1112 505 ad
1133 441 1301 525 seipsam

182 554 358 635 Augustos,
386 550 510 615 citatum
538 551 645 631 legisse
670 550 802 611 muniri.
850 550 956 630 Neque
974 550 1037 629 agit
1062 548 1096 607 id
1116 548 1202 627 Opus
1223 546 1303 630 Περὶ

86 646 90 665 '
183 656 404 739 Αρχαιολογίας
417 654 457 715 do
478 654 570 716 rebus
591 655 691 715 solum
705 651 925 715 vestutioribus
939 662 972 713 st
990 652 1057 713 acri
1074 651 1226 723 seiulosi,
1247 649 1303 710 sed

184 769 217 820 et
231 778 333 821 rerum
354 760 558 819 recentiorum
580 756 768 832 Historiam,
788 764 820 815 et
840 755 984 835 ipsorum·
996 756 1218 837 Imperatorum
1238 754 1303 813 Ro·

184 882 342 921 nenorum
357 872 438 939 geste
453 862 674 941 complectitur.
716 858 784 917 Hoc
803 858 946 917 educunt
961 858 1114 939 Excerpta
1127 860 1201 931 ista,
1222 875 1303 935 quse

186 964 271 1045 apud
286 960 473 1025 Selinusium
480 1010 490 1040 ,
514 965 546 1022 in
560 962 651 1023 Notis
666 961 831 1021 novissime
848 959 959 1036 citetis,
981 982 1022 1021 ex
1038 981 1074 1021 eo
1088 960 1301 1043 proferuntur-3

184 1068 329 1128 nimirum
350 1066 388 1125 de
408 1074 503 1125 morte
519 1065 595 1144 Isnp.
618 1059 817 1143 Adrirnil),
839 1072 871 1123 et
892 1062 1005 1141 insigni
1020 1063 1177 1124 Mausoleo
1198 1062 1231 1121 iu
1244 1061 1303 1121 ho·

185 1190 292 1231 uorem
307 1168 390 1229 illius
410 1177 528 1240 ereeto;
549 1168 589 1227 de
601 1164 653 1227 M.
667 1162 826 1227 Antonino
837 1162 886 1251 Ἃ),
907 1166 1010 1245 quod,
1036 1166 1155 1227 aerario
1168 1165 1303 1225 inbellis

186 1271 335 1333 exhausto
343 1316 352 1347 ,
375 1272 627 1331 Ornameutcruru
641 1265 846 1345 Imperialiurn
864 1269 1036 1329 eucticuesn
1048 1268 1082 1327 in
1095 1270 1166 1328 iore
1178 1268 1301 1346 iecerit3

185 1374 226 1435 de
239 1374 416 1435 Ramesses
433 1373 510 1452 imp.
523 1368 558 1455 ³)
581 1370 791 1431 excaecatione
811 1379 841 1431 et
863 1369 1005 1445 interitu,
1025 1370 1125 1451 deque
1147 1367 1252 1431 Ges-ini
1264 1368 1302 1445 ⁴)

186 1476 296 1554 insigni
319 1474 514 1551 crudelitate,
535 1472 619 1552 quod
641 1492 709 1547 eos,
731 1472 785 1550 qui
806 1491 938 1551 puerum
957 1474 1030 1533 olim
1052 1474 1141 1554 pueri
1162 1474 1305 1533 lusissent

185 1600 225 1639 sc
237 1579 426 1651 derisissent,
447 1576 616 1658 Imperator
630 1574 693 1655 jesu
709 1574 808 1635 factus
822 1594 885 1635 non
899 1575 1046 1637 dimiserit
1062 1576 1185 1638 inultos.

275 1748 326 1809 VI·
369 1750 400 1807 Si
421 1746 505 1807 aliud
528 1756 558 1809 et
581 1746 733 1807 diversum
760 1746 854 1806 fuisse
873 1748 1090 1829 comperiatur,
1120 1759 1185 1811 tuns
1215 1750 1303 1815 locus

187 1852 247 1913 erit
275 1850 455 1929 suspicioni,
482 1872 543 1911 nou
568 1848 741 1908 (lhroniccn
769 1846 848 1906 illud
872 1848 920 1913 Io.
939 1850 1125 1915 Antiocheae·
1146 1837 1233 1936 cuj'ug
1251 1874 1304 1913 01.

186 1964 252 2023 tant
268 1954 418 2035 Excerpta
438 1953 521 2035 apud
540 1948 868 2035 Porphyrcgenuetam,
890 1954 945 2015 sed
967 1955 1067 2035 ipsum
1083 1955 1117 2014 id
1129 1955 1217 2036 Opus
1231 1978 1248 2014 a
1264 1954 1302 2017 G.

189 2056 306 2121 Godino
320 2066 351 2117 ct
373 2059 473 2117 Tzerze
487 2064 618 2135 utroque
633 2057 727 2117 fuisse
741 2056 929 2137 designatum
951 2056 1003 2115 ubi
1019 2056 1115 2118 citent
1127 2056 1176 2119 Jo.
1189 2056 1305 2130 Antio·

189 2150 332 2243 ebenum(
366 2158 419 2219 Sin
436 2158 515 2219 idem
533 2159 626 2219 fuisse
650 2157 754 2239 (quod
776 2159 897 2219 omnino
911 2158 1112 2240 crediderim)
1135 2159 1305 2221 evolventi-

184 2261 244 2325 bus
257 2270 410 2341 appareat,
430 2262 540 2322 axillis
555 2261 630 2320 locis
648 2281 722 2341 quae
740 2280 779 2320 ex
793 2281 830 2320 eo
845 2262 1002 2323 adducunt
1010 2260 1188 2339 Salmasius,
1201 2270 1231 2320 et
1243 2258 1305 2321 Al-

184 2361 294 2439 lutius,
324 2362 357 2424 id
378 2364 507 2423 ulterius
535 2374 566 2425 et
589 2364 700 2423 clarius
722 2372 893 2440 astruetur,
922 2362 1006 2443 quod
1023 2383 1115 2443 supra
1136 2363 1304 2443 posuimus,

186 2461 237 2523 Jo.
259 2462 482 2525 Antiochenam
501 2464 689 2529 Monachum
722 2475 753 2527 et
776 2464 921 2527 Joonnem
942 2474 1079 2525 nostrum
1100 2461 1252 2525 Maletum
1272 2465 1305 2523 in

127 2552 131 2558 ’
185 2565 298 2629 eisdem
314 2566 556 2629 Narratiunculis
578 2569 676 2629 solere
697 2567 877 2643 concinere,
904 2576 936 2627 et
953 2566 1022 2625 ideo
1039 2564 1117 2626 nihii
1134 2586 1306 2645 repugnare

186 2687 249 2748 quo
265 2667 365 2727 minus
377 2688 446 2727 cum
464 2667 623 2731 Monunio
638 2668 718 2729 idem
735 2677 814 2727 esset
826 2666 958 2727 Joonnes
969 2668 1021 2727 iile
1031 2666 1240 2734 Antiochenses
1252 2670 1305 2748 qui

184 2790 202 2827 s
232 2770 347 2831 Tzrrais
367 2768 524 2829 Fratribus
546 2770 703 2848 laudatur,
729 2770 878 2848 quamvis·
890 2770 1083 2851 reperiantur
1103 2770 1187 2850 apud
1206 2771 1306 2851 ipsum

185 2868 336 2933 Maletum
350 2890 399 2929 res
414 2867 484 2929 illue
498 2891 557 2963 pro
573 2872 684 2951 quibus
698 2872 818 2933 citatur.
852 2872 995 2935 ALaecne
1010 2870 1132 2934 Allotio
1144 2870 1179 2955 ³)
1200 2893 1239 2933 ex
1254 2872 1304 2935 Jo.

59 3058 64 3068 Ι
184 2970 377 3035 Antiocheno
395 2972 474 3055 Περὶ
488 2974 723 3055 Λρχαιολογίας,
745 2974 825 3035 inter
841 2974 916 3050 alia,
939 2976 1070 3033 citantur
1083 2975 1166 3050 loca,
1189 2973 1226 3033 de
1242 2971 1306 3032 Hs-
1334 2970 1340 2977 ”

185 3070 271 3135 siodc
286 3073 417 3155 quodum
425 3119 434 3151 ,
457 3074 541 3155 quod
556 3077 688 3137 Graecos
700 3075 856 3142 edocuerit
870 3078 987 3153 literas,
1011 3086 1042 3137 et
1058 3076 1096 3135 de
1116 3077 1306 3156 expositione

185 3176 319 3241 Fabulae
334 3157 426 3257 super
438 3176 644 3255 Endymione,
668 3177 752 3257 quod
774 3198 831 3259 per
851 3178 996 3257 mysticas
1018 3179 1164 3256 quasdem
1183 3178 1304 3238 Oratio-

184 3299 240 3343 nes
264 3301 282 3337 a
302 3280 387 3339 Luna
411 3299 519 3337 nomeu
542 3279 595 3339 Dei
622 3279 781 3341 addiscere
805 3279 954 3356 voluerit,
984 3278 1128 3359 quodque
1150 3280 1230 3339 iliud
1247 3300 1306 3361 per

185 3381 336 3445 eusanium
365 3380 494 3441 edoctus
525 3402 587 3441 non
609 3384 740 3463 amplius
767 3392 814 3442 est
838 3392 1044 3464 experrectus.
1094 3384 1180 3459 Quae
1201 3381 1305 3443 ambae

185 3483 381 3549 Narrationes
406 3484 490 3567 apud
512 3482 715 3567 Marum)
746 3504 869 3565 quoque
896 3486 1048 3567 leguntur.
1097 3486 1124 3545 A
1152 3482 1304 3547 Solmesio

220 3808 252 3877 ι)
268 3812 306 3865 tc.
325 3812 350 3863 1.
368 3824 396 3879 p.
415 3808 475 3865 180.

217 3894 251 3962 ²)
269 3912 296 3964 p.
314 3892 376 3951 354.

219 3980 478 4053 vespm.

219 4067 254 4135 ⁴)
272 4082 300 4136 p.
317 4068 380 4122 795.

217 4153 251 4221 ⁸)
270 4154 296 4206 in
316 4153 392 4209 idest.
409 4152 533 4207 Heraeu.
553 4168 578 4221 p·
597 4154 657 4209 300.
676 4156 703 4207 et
721 4154 781 4211 503.

218 4239 467 4309 Upmmffl
