2950 4817
205 300 285 343 mv
591 264 939 333 PROLEGOMENA.

204 458 267 507 stro
283 442 432 526 prodetur
448 438 499 528 ¹):
522 460 583 523 quo
605 462 662 502 nee
684 462 717 503 se
738 462 796 504 neo
816 462 888 502 suos
902 439 1050 520 Aequales
1066 434 1321 501 commutem

145 595 149 609 .
203 546 317 609 vidisse
339 544 541 627 liquidissimo
565 544 762 607 demonstret.
807 544 933 605 semeis
952 543 1037 623 quod
1049 540 1249 625 NJmepsroisi
1263 562 1321 621 po·

205 658 346 711 testatem
363 647 535 727 abrogatum
549 658 579 708 et
593 668 651 729 pro
666 666 703 707 eo
713 646 883 710 Praetorem
899 654 1034 707 orestem
1048 645 1088 705 sd
1104 642 1232 706 Joonsu
1244 641 1320 727 Cup·

203 748 330 834 poison
355 746 546 813 Consulatum
575 746 614 830 (i.
640 769 665 810 e.
689 748 868 811 eisnnum
895 748 1090 830 imperatoris
1119 744 1195 831 12.)
1223 747 1321 829 conji-

204 851 332 931 eist²);
360 851 444 933 quod
468 862 568 912 temen
593 852 718 912 triennio
744 862 832 929 unte,
862 872 970 932 nempe
998 847 1065 912 Ges.
1084 846 1249 926 Belisodo,
1271 851 1320 909 fs·

205 964 289 1017 otum
302 963 362 1033 est,
384 963 419 1013 ut
433 964 558 1037 nppuret
578 974 617 1015 ex
632 949 760 1015 Nouello
772 974 845 1018 1111.
888 954 1007 1029 Quibus
1025 950 1194 1035 adjiciendo
1211 960 1258 1013 est
1274 952 1320 1013 fu·

204 1056 276 1119 bule
296 1055 369 1136 ists,
397 1076 487 1137 quum
507 1054 545 1117 do
560 1055 644 1133 Rege
656 1052 879 1118 Axumitonsm
896 1054 1057 1117 memorise
1071 1050 1229 1139 mdiv),
1250 1072 1319 1115 eum

205 1168 342 1240 tempore
359 1157 517 1219 Justinisni
538 1166 643 1217 eontrs
663 1156 772 1235 Regem
787 1156 1013 1218 Homeritas-um
1033 1157 1066 1215 in
1086 1156 1199 1217 betium
1216 1158 1320 1240 proie-

124 1294 126 1297 ·
204 1271 339 1323 esurum.
368 1262 438 1341 quis
460 1259 669 1339 Negotiatores
691 1258 877 1323 christiam
906 1261 939 1320 in
959 1245 1320 1340 Auxumitsrum‘rsgio·

204 1386 257 1424 uos
272 1374 461 1425 transeuntes
483 1361 571 1423 bouis
594 1360 733 1421 omnibus
754 1372 783 1422 et
794 1363 859 1423 vitu
871 1362 900 1421 is
911 1363 1111 1443 spoliaverat,
1132 1362 1269 1434 vovisse,
1289 1364 1320 1424 si

204 1464 438 1529 Homeritsnsem
463 1465 543 1527 bello
568 1463 727 1544 supererit
755 1460 956 1524 Christianum
986 1486 1016 1524 se
1038 1460 1200 1548 sinerum,-
1229 1465 1319 1543 (Pro

206 1565 383 1631 Christianis
402 1571 495 1647 enim,
523 1568 636 1649 inquit,
666 1562 807 1626 aduersus
835 1588 902 1627 eum
923 1588 1011 1627 ormo
1027 1561 1150 1648 rumo3)
1181 1576 1213 1629 ot
1230 1576 1318 1649 perte

202 1671 332 1733 victoris
355 1674 480 1751 Legatos
500 1669 539 1731 ed
559 1666 762 1729 Justiuisnum
782 1668 916 1741 misisse,
936 1685 971 1730 ut
990 1668 1156 1753 Episoopus
1177 1667 1238 1730 sibi
1254 1666 1319 1732 cte

203 1774 316 1856 riuique
336 1770 497 1852 iurentur,
519 1794 540 1833 u
559 1768 666 1857 quibus
691 1768 877 1829 Christianos
896 1768 1066 1853 Religionis
1087 1771 1264 1833 mdimeutis
1290 1788 1320 1833 et

202 1872 355 1959 Mysteriis
374 1874 520 1953 imbutus,
542 1894 627 1935 cnoro
644 1870 841 1953 Baptismutis
864 1868 988 1932 honoro
1008 1872 1207 1954 intingeretur.
1249 1873 1319 1933 Hoc

195 1986 300 2038 totum
317 1996 419 2039 svero
431 1979 604 2058 longissime
623 1974 788 2035 abhorrere
806 1973 1031 2035 tenutissimum
1050 1974 1084 2033 tit
1096 1995 1136 2036 ex
1153 1977 1317 2058 Pmoopioe

202 2100 271 2139 nem
287 2090 377 2139 sutor
399 2090 445 2140 eet
460 2082 528 2159 ille,
550 2082 660 2158 Regem
673 2076 922 2149 Ammiteanoi,
950 2076 1039 2137 etism
1065 2087 1135 2139 snte
1154 2077 1187 2137 id
1202 2077 1317 2139 beilum

202 2181 365 2263 Religionis
383 2176 569 2243 Christianos
590 2183 682 2241 fuisse
701 2180 866 2253 cultorem,
887 2178 980 2258 idque
1002 2178 1124 2259 quidem
1146 2200 1238 2260 quem
1256 2183 1318 2242 ier.

199 2284 423 2363 ventissimum5
448 2280 627 2367 Χριστιανός
650 2306 682 2348 rs
703 2278 749 2347 oio
762 2280 817 2345 sot
841 2274 933 2361 δόξης
945 2281 1038 2362 τῆσδε
1053 2279 1096 2356 oio
1110 2278 1239 2362 μάλιστα
1250 2282 1318 2347 ins·

198 2382 390 2469 μελούμενος.
433 2388 472 2447 Et
492 2396 527 2446 ut
546 2395 664 2447 eonstst
682 2406 748 2447 esso
767 2385 898 2445 alienum
914 2382 953 2441 sb
973 2383 1055 2441 omni
1068 2384 1211 2461 venuste,
1231 2386 1275 2445 its
1290 2386 1317 2446 si

198 2489 266 2569 quis
289 2490 423 2569 penitius
445 2487 485 2548 sd
503 2487 582 2547 illud
605 2488 758 2564 attendet,
790 2488 936 2547 rationem
963 2494 995 2545 st
1012 2484 1139 2547 modum
1159 2486 1317 2547 tabulandi

196 2590 280 2671 spud
293 2592 475 2653 recentiores
489 2591 662 2670 Scriptores
674 2589 842 2649 Grseouios
853 2587 999 2647 usitstnm
1007 2629 1016 2662 ,
1036 2587 1171 2667 resipere
1188 2590 1315 2670 pstebit.

195 2694 392 2755 committere
406 2712 466 2750 non
482 2710 620 2771 possum,
643 2690 717 2770 quin
738 2688 791 2749 hie
812 2688 1011 2769 subjungam,
1035 2689 1118 2767 quod
1136 2690 1168 2749 in
1181 2691 1244 2751 vite
1259 2690 1315 2752 Ju·
1342 2744 1348 2752 .

195 2794 268 2853 stisi
287 2783 432 2868 Titianis,
455 2792 615 2852 Justinisni
629 2792 816 2867 Decessoris,
839 2788 926 2851 senis
943 2790 1050 2870 psueis
1066 2803 1135 2855 ente
1147 2793 1240 2875 hujus
1254 2793 1316 2853 ini-

195 2895 271 2955 tium
293 2892 332 2953 de
347 2891 515 2973 Eupirssio
534 2914 606 2955 suus
626 2894 763 2954 Civitstis
787 2893 976 2971 rimarem,
998 2895 1148 2976 seriptum
1171 2896 1312 2977 retiqui13

197 2994 355 3057 suffectum
373 3014 441 3055 eum
460 2995 493 3055 in
517 2997 619 3057 locum
639 2996 778 3057 defuncti
797 2995 907 3069 Pauli,
934 2994 1147 3075 orthodoxos,
1167 3020 1243 3083 quos
1260 3020 1313 3059 no·

195 3112 283 3175 nont,
302 3098 433 3180 grauiter
452 3112 635 3179 persecutum
645 3096 766 3184 fuisse,
787 3094 928 3179 plurimis
942 3122 1042 3161 eorum
1063 3100 1153 3160 etium
1169 3102 1236 3161 neri
1249 3115 1316 3160 tra·

196 3197 277 3261 ditio.
326 3198 422 3274 Qusls
443 3198 503 3261 hoo
525 3202 638 3262 erroris
657 3200 849 3282 portentum!
871 3220 963 3280 quem
984 3200 1166 3279 abeundum,
1188 3210 1220 3262 ot
1240 3195 1315 3264 niori.

195 3304 317 3367 aoros!
348 3322 441 3382 quem
463 3302 629 3365 absurdum
653 3311 715 3378 est,
743 3299 942 3383 Eupimsium
968 3300 1182 3365 Orthodoxuss
1203 3302 1314 3367 onte.

194 3402 296 3465 doxos
312 3405 378 3465 neei
393 3402 569 3465 tradidisset
591 3424 680 3485 quem
696 3402 861 3465 sbsurdum
875 3414 1011 3484 estense,
1034 3408 1086 3486 qui
1099 3407 1214 3467 ideireo
1229 3408 1314 3487 quod

193 3505 289 3567 fuerit
306 3502 503 3567 orthodoxus
518 3506 557 3567 sd
571 3506 728 3567 Thronum
744 3507 831 3567 illum
855 3519 1013 3587 promotus
1024 3519 1106 3586 eret,
1128 3511 1184 3569 sub
1202 3507 1311 3571 Orthe.

195 3602 281 3667 tione
307 3606 491 3687 imperatore
521 3606 718 3671 Ouinio-‘eos
747 3608 841 3669 tuisse
868 3619 1074 3687 persecutum!
1111 3610 1189 3685 Quis
1213 3612 1312 3673 nescit

194 3702 371 3767 Hoemioos
391 3706 467 3770 istos
484 3730 562 3791 quos
584 3712 660 3796 Imp.
682 3708 868 3775 Anastasius
888 3712 929 3773 sd
943 3710 1065 3775 Sestium
1087 3713 1310 3796 Episeopsiium

193 3902 401 3916 ῳ

225 4028 256 4096 ι)
275 4026 382 4084 confer.
401 4048 427 4100 p.
449 4034 507 4087 190.
525 4050 581 4087 cusu
601 4035 659 4091 188.

99 4172 104 4183 ,
223 4128 257 4197 ¹)
275 4146 302 4201 p.
320 4132 383 4189 22¹.

224 4233 256 4301 ⁸)
273 4250 299 4305 p·
321 4233 380 4291 164.
444 4279 449 4291 .
