2950 4817
361 270 843 343 CHRONOGRAPHIA.
884 272 924 341 t.
945 273 1016 341 VII.
1166 282 1240 353 173

132 447 251 521 seierus
259 450 383 540 Ἄρεως.
436 452 531 543 ἥνπερ
547 452 657 539 ἑορτὴν
673 452 738 521 κατ’
756 451 833 531 tuoe
843 452 873 519 oi
885 449 1031 538 Ῥωμαῖοι
1046 449 1158 533 πάντες
1173 455 1242 521 ἐπι-

130 564 273 623 τελοῦσα
297 558 356 633 ἕως
378 564 434 643 τῆς
457 566 530 641 νῦν,
565 563 728 634 καλοῦντες
747 556 804 641 τὴν
827 554 946 643 ἡμέραν
968 564 1025 643 τῆς
1044 556 1242 645 πανηγύρεως

130 658 264 745 Μάρτις
287 662 319 727 ἐν
344 657 466 749 κόμπῳ.
519 664 570 729 καὶ
605 660 723 735 εὐθέως
751 658 845 726 πόλιν
873 656 1045 745 ἀρξάμενος
1075 661 1173 729 ἐκτισε
1199 662 1236 728 τό
1254 668 1278 724 V
1295 668 1332 723 te

132 763 258 829 ἱππικόν
279 765 312 831 ἐν
329 771 369 851 τῇ
386 761 489 852 Ῥάμῃ
496 814 506 845 ,
534 764 639 832 utor
665 759 864 831 διασκεδάσαι
879 762 915 830 τό
930 770 1053 849 πλῆθος
1068 772 1124 832 τοῦ
1139 764 1241 851 δήμου

105 874 196 935 ὁτῶν
217 864 394 949 Ῥωμαίων,
429 866 476 935 ότι
501 868 682 947 ἐστασίαζον
712 870 764 933 καὶ
786 865 954 953 ἐπήρχοντο
987 866 1071 956 αὐτῷ
1105 868 1157 933 διὰ
1186 867 1242 936 τὸν

130 968 269 1053 (incipio
290 970 396 1037 αὐτοῦ.
451 974 502 1035 καί
526 971 678 1035 ἐπετέλεσε
701 976 824 1057 πρῶτος
839 968 1043 1055 ἱπποδρόμιον
1056 974 1089 1037 ἐν
1102 978 1140 1059 τῇ
1151 968 1242 1062 χάρρι

130 1079 188 1155 τῆς
207 1070 326 1157 Ῥώμης
347 1076 390 1149 εές
411 1068 525 1159 ἑορτὴν
536 1080 592 1141 τοῦ
605 1070 713 1139 Ἡλίου
720 1122 731 1153 ,
760 1076 855 1161 φησί,
882 1076 933 1139 καλ
948 1078 990 1151 εἰς
1004 1074 1096 1158 τιμὴν
1111 1082 1174 1141 τῶν
1187 1070 1238 1140 ὑπ’

130 1174 229 1241 αὐτόν
251 1173 410 1263 τεσσάρων
431 1179 605 1259 στοιχείων,
633 1177 716 1241 τοῦτ’
744 1179 810 1243 ἐστί
829 1182 888 1259 τῆς
903 1183 959 1262 γῆς
975 1180 1027 1243 καλ
1041 1185 1098 1261 τῆς
1113 1175 1241 1243 θαλάσ-

130 1302 190 1363 σης
215 1280 341 1345 καὶτοῦ
359 1278 457 1363 πυρὸς
475 1282 525 1345 καλ
547 1286 604 1345 τοῦ
628 1278 735 1364 άίρος,
763 1278 960 1364 λογισάμενος
981 1283 1163 1363 καὶτοῦτο,
1192 1280 1241 1346 ὅτι

88 1396 123 1455 to
132 1381 267 1464 εάτνχῶς
282 1382 428 1467 φίρονται
444 1382 473 1449 οἳ
488 1389 551 1449 τῶν
565 1386 699 1467 Περσῶν
715 1387 853 1463 βασιλεῖς
866 1385 909 1459 είς
922 1382 996 1459 τοὺς
1007 1383 1172 1467 πολίμονς,
1200 1380 1244 1461 ὡς

128 1490 279 1566 τιμῶντες
299 1484 339 1549 τιλ
361 1484 443 1550 uitri
463 1486 600 1573 τέσσαριε
618 1496 763 1569 στοιχεῖα.
814 1482 831 1551 ὃ
854 1487 888 1552 δέ
907 1493 962 1568 τῆς
978 1489 1121 1553 Πισαίων
1135 1482 1243 1573 χώρας

129 1587 277 1670 βασιλειλς
303 1585 458 1672 Οἰνόμαος
477 1588 582 1676 άγῶνσ
603 1590 732 1655 ἐπετίλει
754 1589 801 1653 ἐπλ
820 1587 860 1654 τὰ
881 1586 1045 1674 Εὖράπεια
1063 1589 1143 1675 μέρη
1167 1591 1243 1675 μηνλ
1259 1606 1286 1661 0
1302 1606 1355 1665 219

129 1686 256 1778 ιλάστριμ
286 1698 331 1779 τῷ
365 1692 416 1757 καί
443 1694 564 1781 μαρτίιρ
593 1688 634 1757 κε’
667 1698 712 1781 τῷ
736 1686 833 1780 Ἡλίῳ
864 1697 974 1758 Τιτᾶνι
1003 1690 1045 1768 ὥς
1072 1690 1241 1781 ιλψουμίνιμ

132 1790 372 1879 άγωνιζομένης,
400 1796 496 1880 φησί,
522 1801 578 1879 τῆς
594 1800 650 1880 γῆς
662 1798 713 1860 καλ
730 1800 787 1878 τῆς
802 1791 980 1880 θαλάσσης,
1009 1795 1027 1861 ὅ
1045 1797 1110 1862 ἐστι
1124 1793 1279 1879 Annei-B

92 1910 124 1964 1⁵
131 1922 209 1980 τροις
223 1898 276 1962 καὶ
288 1900 495 1979 Ποσειδῶνος,
522 1904 586 1967 τῶν
598 1895 806 1979 ὑποκειμένων
816 1900 972 1981 στοιχείων
985 1904 1030 1987 τῷ
1042 1896 1148 1987 Ἡλίῳ.
1190 1901 1242 1963 καλ

132 1996 280 2081 ἐβάλλετο
303 2006 416 2087 κλῆρος
438 2000 553 2085 μεταξίι
576 2006 633 2067 τοῦ
653 1998 751 2065 uisuri
777 1997 933 2081 οίνομάοσ
952 2000 1104 2082 βασιλέως
1118 2003 1170 2068 καί
1184 2007 1241 2067 τοῦ

131 2101 299 2189 ἐρχομίνοο
321 2101 384 2169 άπὸ
406 2100 591 2187 οίασόήπστε
616 2098 722 2190 χώρας
748 2105 1022 2189 καταγωνίσασθαι
1050 2101 1162 2170 αὐτόν·
1191 2106 1243 2169 καλ

132 2202 184 2271 ὅτε
205 2206 263 2287 μίν
286 2200 302 2271 ὃ
326 2210 440 2293 κλῆρος
463 2204 562 2272 ἐκάλει
587 2205 642 2272 τὸν
669 2203 827 2289 Οένόμαον
849 2205 1064 2292 ἀγωνίσασθαι
1086 2204 1163 2296 ὑπὲρ
1185 2212 1242 2272 τοῦ

130 2310 347 2388 Ποσειδῶνος,
377 2306 479 2396 ἐφόρει
501 2316 606 2393 σχῆμα
630 2308 760 2391 ἱματίων
784 2316 923 2389 κνανῶν,
950 2308 967 2376 ό
993 2312 1056 2376 ἐστι
1080 2316 1143 2377 τῶν
1162 2306 1244 2375 tot-

91 2426 211 2491 ωτων,
240 2413 291 2475 καὶ
306 2408 322 2475 ὃ
337 2410 615 2497 ἀνταγωνιζόμενος
633 2410 700 2477 κατ’
717 2410 815 2479 (αἰτοῦ
842 2410 945 2500 ἐφόρει
965 2413 1001 2478 τό
1016 2416 1154 2497 χλοῶδες
1165 2417 1244 2496 off,-

132 2540 178 2597 μα
184 2562 196 2593 ,
224 2510 242 2579 ὅ
256 2514 324 2579 ἐστι
335 2520 390 2597 τῆς
405 2521 470 2600 γῆς.
524 2516 575 2579 καλ
590 2511 683 2579 πάλιν
696 2516 723 2579 ελ
736 2512 858 2598 ἤνεγκεν
872 2512 889 2581 ὃ
905 2521 1020 2598 κλῆρος
1031 2521 1075 2603 τῷ
1096 2510 1243 2603 Οἰνομάῳ

135 2621 271 2704 φορῆσαι
284 2616 319 2681 τὸ
334 2624 388 2702 τῆς
398 2613 573 2703 Δημήτριος
584 2623 702 2702 σχῆμα,
728 2613 832 2703 ἐφόρει
846 2617 883 2682 τὸ
897 2622 1035 2701 χλοῶδες
1050 2624 1166 2703 σχῆμα,
1191 2620 1244 2684 καί
1261 2637 1287 2692 0
1304 2640 1358 2697 220

201 2744 229 2799 3.
252 2742 365 2810 Μάντις
380 2746 487 2809 cirron,
504 2741 634 2814 Μάρτιος
646 2747 700 2802 Ox.
767 2742 795 2800 4.
811 2742 993 2801 διασκεδάσαι
1008 2746 1117 2811 (ibren,
1134 2748 1244 2817 διασχε-

203 2810 290 2869 uteo·
307 2816 360 2869 Ox·
411 2818 437 2871 8.
454 2811 559 2885 aurbu]
577 2813 668 2872 uisuri
685 2817 747 2878 Ort,
763 2814 858 2869 αὐτόν
869 2815 969 2873 Ohrun.
1023 2818 1065 2871 11.
1083 2813 1116 2871 λλ
1134 2816 1242 2882 chron,

203 2882 259 2953 γάρ
276 2884 328 2937 Ox.
380 2886 444 2939 ibid.
465 2886 595 2943 Πισαίων
612 2888 664 2942 Οι.
725 2884 767 2939 12
784 2882 902 2941 ἐπετέλεε
917 2916 953 2929 -
971 2881 1123 2952 Εάροίπεια
1134 2886 1243 2950 Chrun,

203 2954 322 3077 {repperti
335 2984 371 2994 -
386 2953 523 3027 Εόριόπια
541 2956 592 3011 Or.
661 2958 704 3013 19.
728 2953 847 3025 ἱματίων
863 2956 993 3026 suevus]
1011 2954 1124 3027 ἱμάτιον
1138 2954 1245 3011 κοανόν

261 3042 301 3077 on.

134 3145 187 3199 qno
204 3144 280 3181 suere
296 3126 378 3181 Marti
395 3129 601 3199 peragebanture
647 3128 698 3184 uoti
717 3134 745 3183 et
760 3128 883 3194 Romani,
899 3128 952 3183 ritn
969 3128 1144 3185 anniversario
1161 3144 1244 3197 nsque

133 3198 224 3251 adhue
235 3197 385 3261 eelebrent,
401 3206 525 3253 vocantes
538 3198 604 3252 diem
620 3198 628 3213 '
649 3216 699 3263 um,
717 3200 821 3252 Festum
834 3199 998 3253 solennitatis
1009 3200 1039 3251 r'n
1054 3202 1152 3266 Campo
1168 3200 1244 3250 Mor·

132 3268 181 3323 tiu.
218 3264 320 3319 Neediu
336 3266 369 3319 ab
386 3266 461 3319 inooe
480 3276 507 3321 to
525 3266 663 3331 desistens,
688 3268 793 3321 Circum
809 3268 837 3321 in
854 3270 920 3321 urbe
937 3269 1067 3330 extruxit,
1092 3268 1132 3321 oti
1148 3266 1256 3319 tumul-·

131 3334 233 3389 tuentis
250 3334 341 3405 populi
357 3344 438 3389 mutus
455 3285 606 3406 siissiparetr
631 3336 714 3390 adhue
730 3336 812 3401 enim,
829 3338 863 3389 ob
881 3354 980 3389 cresum
998 3337 1119 3398 fratrem,
1136 3333 1244 3388 seditio·

131 3422 178 3457 nes
200 3403 303 3457 neon
326 3403 467 3458 identidem
491 3405 669 3459 moliebantur.
705 3404 807 3459 Primus
823 3406 913 3475 itaque
933 3406 1072 3471 Romulus,
1100 3404 1126 3457 iu
1144 3404 1242 3457 ditione

131 3473 268 3535 Romana,
284 3471 417 3527 cunensis
432 3472 559 3538 instituit,
577 3474 735 3528 inhonorem
753 3474 827 3538 solis,
845 3475 894 3543 (ut
911 3472 1011 3544 tirio)
1029 3482 1058 3529 et
1074 3481 1186 3543 quotuor
1203 3472 1243 3527 iili

132 3544 308 3611 subjecturum
324 3540 533 3609 Elementorum
550 3544 652 3603 Terrae
662 3543 788 3608 nimirum,
805 3543 896 3605 Meris,
912 3543 991 3611 Ignis,
1008 3550 1035 3597 et
1046 3544 1128 3596 Aeris.
1155 3542 1243 3613 Quip-

133 3627 169 3682 pe
185 3610 356 3676 existimarit,
375 3612 510 3667 Persarum
522 3614 628 3683 regibus
644 3613 821 3684 expeditiones
837 3611 941 3665 bellicas
959 3612 1086 3667 foeliciter
1099 3610 1159 3663 ideo
1175 3628 1243 3664 sem-

134 3697 183 3751 per
201 3680 321 3744 cessim,
339 3681 409 3751 quod
427 3688 541 3750 quatuor
556 3686 607 3736 istu
623 3682 759 3736 Elementa
775 3681 804 3734 iu
821 3680 993 3735 veneratione
1010 3680 1166 3735 habuissent
1188 3681 1245 3733 Oe-

134 3766 242 3803 nomaus
267 3748 347 3814 enim,
371 3750 488 3805 Pissruur
512 3768 575 3816 rex,
603 3761 732 3805 esttamen
749 3750 823 3804 Euro
843 3750 897 3804 seis
913 3750 941 3803 in
957 3750 1101 3821 regionibus
1121 3749 1245 3814 instituit,

133 3816 243 3885 Dystri,
259 3818 315 3871 sive
330 3818 423 3872 Martii
440 3836 491 3873 xxv
510 3820 706 3884 celebrandurn,
728 3819 789 3873 solis
832 3820 910 3873 itanis
926 3820 952 3871 in
970 3822 1106 3882 honorem,
1122 3827 1245 3888 tanquam

130 3887 186 3955 jam
204 3886 312 3939 exuitati
329 3890 487 3943 certantibus
505 3889 631 3959 (inquit)
648 3890 717 3943 inter
734 3906 779 3954 ee,
805 3890 893 3942 Terra
910 3889 1045 3959 Marique,
1069 3888 1096 3940 id
1114 3894 1170 3952 est,
1188 3887 1245 3955 Cy·

134 3956 195 4009 nete
222 3962 250 4009 et
274 3956 412 4027 Neptuno,
438 3956 486 4011 suli
502 3958 623 4025 subjectis
640 3956 789 4012 Elementis.
822 3959 886 4011 Sors
911 3974 975 4012 vero
1000 3958 1150 4012 mittebatur
1173 3957 1244 4009 inter

134 4024 297 4078 Oenomaum
320 4032 349 4078 et
372 4026 496 4092 alterurn,
523 4044 540 4080 a
562 4044 715 4097 quoeunque
732 4026 777 4080 ille
793 4028 864 4081 orbis
880 4035 958 4097 parte
975 4027 1101 4091 venisset,
1125 4023 1170 4094 qui
1186 4042 1243 4079 eum

134 4110 166 4145 eo
193 4098 342 4147 eerteturns
367 4102 433 4149 erat.
468 4096 506 4151 Et
522 4095 545 4149 si
561 4105 629 4149 sorte
647 4096 709 4149 dots
728 4096 874 4149 Oenomaus
890 4113 938 4165 pro
955 4096 1080 4168 Neptune
1096 4097 1243 4147 certemus

134 4167 208 4226 erat;
234 4162 350 4216 habitum
366 4166 483 4219 aumebnt
499 4164 659 4228 eoeruleom,
675 4164 749 4233 aquis
765 4164 976 4235 respondentem
1007 4162 1178 4231 Antagunista
1195 4180 1244 4215 au-

134 4234 189 4283 tem
205 4233 261 4299 ejus
277 4232 357 4285 viridi
374 4241 466 4289 ornatu
483 4235 621 4299 utebaturt
641 4238 672 4287 ut
689 4234 734 4303 qni
751 4234 863 4288 Terram
879 4238 1096 4303 repraesentaret
1131 4231 1179 4282 Sin
1196 4248 1244 4283 au-

136 4304 189 4353 tem
205 4300 311 4371 cyneus
327 4302 443 4357 habitum
459 4319 560 4357 sumere
577 4304 734 4359 Oenomaum
749 4320 805 4357 rore
821 4302 960 4369 volnissets
988 4312 1041 4357 tum
1057 4298 1136 4355 viridi
1152 4299 1244 4355 habitu
