2950 4817
509 270 862 342 PROLEGOMENA.
1175 306 1251 352 u„

134 452 210 522 lum,
232 443 288 505 seii
311 454 484 507 atinensem
507 456 538 508 at
560 442 637 507 siim
651 448 761 508 mensis
776 448 866 510 raldo
882 450 1088 531 particulatim
1099 448 1253 517 siin'beat.

134 546 201 627 Arg.
215 546 383 609 secandum
402 568 440 609 ex
457 568 494 610 so
511 548 581 629 quis
597 550 784 623 arcessierit,
807 550 891 631 quod
904 552 1001 633 impp.
1014 550 1253 635 Constantiacas,

139 646 354 726 sseadosissm,
377 658 407 710 et
427 649 558 713 honam
578 650 729 730 Senium,
751 652 789 714 ab
811 652 934 715 illorum
949 655 1114 719 Nominum
1123 662 1254 742 juniora·-

135 750 187 813 baa
202 752 456 834 imperatoribus,
482 774 540 835 par
559 752 702 837 Epithata
722 759 782 819 rosi
801 751 935 839 miluo
955 758 978 821 i.
998 776 1025 818 a.
1045 758 1194 839 adoro,
1224 772 1256 824 et

134 859 188 919 sori
209 861 323 940 μικροῦ
330 902 340 935 ,
363 856 396 915 id
422 870 467 917 ost
486 859 632 940 junioris,
665 858 852 939 distinguere
872 860 982 919 solitus
1002 860 1061 939 ait3
1082 861 1257 925 saddaJas·

133 958 263 1021 miniano
280 960 346 1041 ejus
359 959 494 1019 Nominis
507 962 622 1041 primo,
643 966 700 1033 soi
713 958 845 1047 μεγάλου
866 960 1029 1043 Epitheton
1046 986 1109 1043 aaa
1120 984 1254 1046 unquam

134 1070 278 1141 usurpat:
308 1062 392 1144 quod
417 1082 484 1125 aum
506 1061 664 1142 scripsisse
686 1072 756 1123 ants
781 1062 984 1127 Jauiaiaauas
1006 1068 1172 1147 juniorem,
1200 1070 1255 1149 qui

133 1162 295 1243 imperium
316 1175 363 1228 eet
382 1168 558 1249 auspicatus
579 1186 657 1227 anuo
690 1186 779 1226 aeras
800 1168 974 1230 Dominicae
995 1171 1085 1247 685⁰,
1113 1170 1256 1233 videatur

134 1265 301 1327 ostendero.
345 1268 394 1329 ad
407 1269 483 1329 haec
498 1266 640 1349 adjicias,
663 1268 749 1345 quad
768 1266 823 1349 [ut
838 1270 932 1331 semel
942 1271 1113 1352 iterumque
1131 1273 1255 1355 jamjam

133 1366 191 1427 iuit
213 1365 440 1454 observatum)
457 1390 497 1429 ax
525 1390 561 1431 eo
590 1370 766 1429 nominatim
796 1374 909 1435 citetur
934 1374 1146 1452 Fragmentum
1171 1376 1256 1457 apud

131 1470 254 1531 Librum
277 1494 335 1554 pro
362 1469 551 1551 Imaginibus
571 1472 696 1533 tertium
716 1471 768 1538 Jo.
786 1474 975 1537 Damascena
996 1477 1164 1552 tributum
1182 1498 1254 1543 astu

133 1573 192 1635 vita
207 1596 264 1636 sua
280 1577 443 1637 defunctus
462 1582 508 1635 est
522 1572 569 1637 Jo.
588 1573 796 1639 &marcenae
811 1577 893 1638 circa
914 1585 1025 1637 annuat
1042 1580 1076 1640 Ι).
1090 1600 1178 1643 oum..
1200 1600 1254 1640 uu-

132 1676 169 1737 ds
180 1688 372 1742 astrueretur
382 1676 529 1739 Auroram
541 1686 696 1754 nostrum,
720 1680 747 1737 si
766 1700 830 1739 non
846 1681 1003 1760 scripsisse
1017 1691 1086 1741 sate
1100 1681 1189 1741 finam
1205 1701 1254 1741 aa·

132 1780 191 1839 auli
214 1783 312 1859 sexti,
334 1791 403 1841 sats
424 1778 515 1839 finem
537 1788 636 1839 maren
655 1783 801 1863 aequastis
820 1782 852 1841 ia
870 1783 953 1845 aivis
966 1783 1113 1845 extitisse.
1155 1782 1254 1861 Arga-

132 1891 266 1943 mentum
285 1898 424 1967 qaorum
445 1902 483 1941 ex
501 1902 537 1941 eo
550 1883 744 1957 conficiatur,
772 1885 856 1962 qaod
874 1886 906 1945 in
924 1886 1000 1947 locis
1014 1884 1170 1966 plerisque
1183 1903 1257 1944 var·

133 1985 226 2046 batim
241 1986 272 2047 ei
284 2006 355 2047 oum
371 1982 517 2047 Chronico
539 1982 687 2047 Paaaiali
704 1986 770 2045 sire
782 1984 1002 2049 Alexandrina
1025 1988 1082 2067 (ut
1098 1987 1190 2067 vulgo
1206 2008 1257 2045 so·

133 2086 174 2147 let
197 2088 364 2168 appellari)
386 2088 562 2163 conveniat,
593 2088 669 2148 adeo
687 2096 722 2148 ut
743 2108 783 2149 ax
797 2108 833 2149 eo
850 2087 991 2169 Chroaiai
1005 2088 1193 2169 compilator
1209 2092 1256 2149 vi·

134 2188 242 2251 deutur
258 2190 470 2273 exscripsisse,
494 2190 770 2251 demonstrantibus
787 2191 882 2253 variis
896 2192 1018 2255 indiciis
1037 2212 1099 2251 noa
1110 2191 1255 2251 Nostrum

133 2292 201 2353 vics
221 2312 310 2353 versa
334 2314 371 2353 cx
392 2290 539 2354 Chronico
554 2292 610 2353 ists
626 2292 772 2352 hausisse.
815 2294 867 2353 Sic
879 2314 950 2353 sane
967 2295 1112 2353 Autorsm
1126 2290 1258 2355 Pascha·

135 2392 173 2457 iis
193 2416 233 2455 ex
255 2394 304 2455 Jo.
317 2392 437 2456 Matala
457 2394 614 2475 scripsisse
633 2414 684 2471 aa,
707 2394 866 2474 inquibus
888 2396 1092 2472 conveniunt,
1114 2392 1258 2455 decrera-

134 2508 206 2557 runt
223 2497 369 2558 hactemus
389 2516 493 2557 omues
515 2493 644 2571 eruditi,
667 2494 850 2573 suffragante
868 2498 959 2558 etiam
980 2497 1176 2557 celeberrimo
1187 2496 1258 2556 Drs-

127 2598 249 2686 simnia
260 2602 292 2661 iu
307 2598 392 2659 Notis
406 2596 446 2656 ad
465 2592 629 2673 Pacatula,
652 2595 704 2656 ubi
721 2593 860 2658 Mulelae
873 2598 1082 2660 Narrationam
1105 2598 1143 2657 da
1157 2606 1258 2659 morte

135 2700 254 2762 Iuliani
279 2700 466 2785 Apostolos,
500 2718 590 2779 quam
618 2699 734 2777 legerat
753 2708 930 2778 excerptam
960 2720 977 2761 a
1007 2712 1112 2763 cosmo
1133 2703 1256 2781 codice,

135 2822 203 2863 oum
217 2800 382 2865 Pascisalia
398 2800 576 2863 Narratione
600 2800 726 2861 confert.
770 2798 870 2879 Vulgo
888 2810 987 2863 autem
1004 2826 1022 2865 a
1035 2804 1116 2864 Viris
1132 2806 1258 2867 eruditis

135 2906 290 2981 creditur,
311 2907 509 2987 compilatum
528 2904 593 2965 aiva
614 2905 823 2965 matiaaatum
840 2902 1105 2967 fuisse-Pascha&
1119 2907 1176 2967 sab
1196 2908 1258 2967 im·

136 3010 223 3090 pario
246 3004 403 3085 Heraclii,
430 3016 501 3068 ante
526 3025 637 3067 sunum
660 3008 695 3069 Ι).
714 3010 790 3073 630.
815 3006 898 3085 qaod
924 3006 1095 3067 ostenderet
1112 3006 1258 3069 Nosrras'ss

135 3119 312 3173 smarnos
327 3122 397 3191 post
410 3120 538 3173 martem
549 3108 711 3172 iustiniani
724 3108 777 3176 40.
791 3106 964 3187 scripsisse,
986 3129 1095 3190 nempe
1111 3118 1181 3172 aute
1195 3112 1259 3171 axi·

135 3225 202 3276 tum
223 3213 322 3275 seculi
343 3215 425 3273 sexti
443 3210 494 3273 val
515 3210 548 3271 in
567 3210 639 3290 ipso
657 3211 776 3291 septimi
794 3209 897 3289 initio,
926 3211 966 3272 ad
986 3212 1071 3292 quod
1092 3212 1259 3275 refertur·

137 3318 251 3377 clariss.
268 3312 394 3378 Gaoaea.
436 3314 505 3376 Non
516 3331 581 3375 rem
592 3313 740 3391 ingratam
754 3312 875 3373 erudito
891 3314 1025 3390 Lectori,
1046 3334 1104 3375 nac
1121 3326 1259 3378 anostra
1346 3354 1351 3365 ·

138 3420 281 3481 instituto
314 3417 458 3497 alienam,
484 3434 533 3476 ma
558 3414 696 3477 existimo
726 3412 899 3490 facturum,
930 3416 957 3475 ai
976 3414 1108 3476 iadicem
1136 3418 1262 3479 istarum

138 3522 372 3597 Namusam,
395 3518 571 3599 inquibus,
593 3518 643 3578 vel
661 3516 732 3575 totis
753 3515 803 3575 vel
822 3518 928 3577 saltem
949 3518 1078 3597 partim,
1103 3519 1183 3581 intas
1195 3520 1262 3581 No-

139 3638 232 3685 ιιηιπι
258 3633 289 3684 st
313 3622 482 3687 tironiooss
503 3619 693 3703 praedictum
707 3620 749 3679 sit
767 3616 948 3681 adverbum
964 3620 1190 3700 convenimus,
1209 3622 1261 3683 hic

141 3728 307 3789 subtexam.

227 3934 330 4007 XXX,
381 3878 556 3990 Occurrunt
578 3926 660 4008 apud
681 3934 817 3985 nostrum
831 3924 1101 4005 Chronographum
1117 3943 1194 4007 quaa
1207 3924 1262 3985 ha-

143 4036 254 4097 bentur
275 4034 358 4114 apud
383 4031 552 4095 Chroaioon
577 4026 723 4093 Paschale
741 4027 830 4109 juxta
851 4027 1013 4091 aditionem
1034 4028 1066 4087 in
1087 4026 1173 4088 Folio
1192 4026 1263 4087 Da-

136 4137 329 4225 frasniarsom
