<?xml version="1.0" encoding="UTF-8"?>
<!DOCTYPE html PUBLIC "-//W3C//DTD XHTML 1.0 Transitional//EN"
    "http://www.w3.org/TR/xhtml1/DTD/xhtml1-transitional.dtd">
<html xmlns="http://www.w3.org/1999/xhtml" xml:lang="en" lang="en">
 <head>
  <title>
</title>
<meta http-equiv="Content-Type" content="text/html;charset=utf-8" />
  <meta name='ocr-system' content='tesseract 3.04.00' />
  <meta name='ocr-capabilities' content='ocr_page ocr_carea ocr_par ocr_line ocrx_word'/>
</head>
<body>
  <div class='ocr_page' id='page_1' title='image "./corpusscriptoru35theogoog/corpusscriptoru35theogoog_1001.png"; bbox 0 0 2950 4817; ppageno 0'>
   <div class='ocr_carea' id='block_1_1' title="bbox 418 268 1239 365">
    <p class='ocr_par' dir='ltr' id='par_1_1' title="bbox 418 268 1239 365">
     <span class='ocr_line' id='line_1_1' title="bbox 418 268 1239 365; baseline 0.012 -16"><span class='ocrx_word' id='word_1_1' title='bbox 418 268 452 327; x_wconf 55' lang='grc' dir='ltr'><strong>ἶ</strong></span> <span class='ocrx_word' id='word_1_2' title='bbox 564 277 792 359; x_wconf 71' lang='grc' dir='ltr'><strong><em>ΕΡλδΤΟΙιΑ·</em></strong></span> <span class='ocrx_word' id='word_1_3' title='bbox 1161 288 1239 365; x_wconf 81' lang='grc'><strong>736</strong></span> 
     </span>
    </p>
   </div>
   <div class='ocr_carea' id='block_1_2' title="bbox 119 452 1335 1567">
    <p class='ocr_par' dir='ltr' id='par_1_2' title="bbox 119 452 1335 1567">
     <span class='ocr_line' id='line_1_2' title="bbox 127 452 1239 541; baseline 0 -22"><span class='ocrx_word' id='word_1_4' title='bbox 127 457 221 541; x_wconf 82' lang='lat' dir='ltr'><strong>(quis</strong></span> <span class='ocrx_word' id='word_1_5' title='bbox 238 453 273 521; x_wconf 80' lang='lat' dir='ltr'><strong>cd</strong></span> <span class='ocrx_word' id='word_1_6' title='bbox 286 452 413 541; x_wconf 68' lang='grc' dir='ltr'><strong>γράμμα</strong></span> <span class='ocrx_word' id='word_1_7' title='bbox 432 456 563 539; x_wconf 86' lang='lat' dir='ltr'><strong>quodvis</strong></span> <span class='ocrx_word' id='word_1_8' title='bbox 580 460 687 541; x_wconf 86' lang='lat' dir='ltr'><strong>scripti</strong></span> <span class='ocrx_word' id='word_1_9' title='bbox 705 478 799 539; x_wconf 73' lang='lat' dir='ltr'><strong>genus</strong></span> <span class='ocrx_word' id='word_1_10' title='bbox 821 475 1036 540; x_wconf 86' lang='lat' dir='ltr'><strong>nonuunquam</strong></span> <span class='ocrx_word' id='word_1_11' title='bbox 1062 454 1239 541; x_wconf 61' lang='lat' dir='ltr'><strong>significat)</strong></span> 
     </span>
     <span class='ocr_line' id='line_1_3' title="bbox 124 542 1152 627; baseline -0.001 -20"><span class='ocrx_word' id='word_1_12' title='bbox 124 548 220 608; x_wconf 78' lang='grc' dir='ltr'><strong><em>τοῦτο</em></strong></span> <span class='ocrx_word' id='word_1_13' title='bbox 236 542 271 606; x_wconf 76' lang='lat' dir='ltr'><strong>di</strong></span> <span class='ocrx_word' id='word_1_14' title='bbox 287 547 397 625; x_wconf 76' lang='grc' dir='ltr'><strong><em>δρᾶμα.</em></strong></span> <span class='ocrx_word' id='word_1_15' title='bbox 440 547 493 627; x_wconf 80' lang='lat' dir='ltr'><strong>qui</strong></span> <span class='ocrx_word' id='word_1_16' title='bbox 509 560 536 603; x_wconf 84' lang='lat' dir='ltr'><strong>et</strong></span> <span class='ocrx_word' id='word_1_17' title='bbox 548 560 686 626; x_wconf 82' lang='lat' dir='ltr'><strong>poemata</strong></span> <span class='ocrx_word' id='word_1_18' title='bbox 700 544 836 607; x_wconf 78' lang='lat' dir='ltr'><strong>Hernico</strong></span> <span class='ocrx_word' id='word_1_19' title='bbox 852 560 878 604; x_wconf 83' lang='lat' dir='ltr'><strong>et</strong></span> <span class='ocrx_word' id='word_1_20' title='bbox 894 543 1031 605; x_wconf 81' lang='lat' dir='ltr'><strong>drumoto</strong></span> <span class='ocrx_word' id='word_1_21' title='bbox 1048 543 1152 606; x_wconf 80' lang='lat' dir='ltr'><strong>edidit.</strong></span> 
     </span>
     <span class='ocr_line' id='line_1_4' title="bbox 215 627 1239 711; baseline 0.003 -23"><span class='ocrx_word' id='word_1_22' title='bbox 215 629 449 691; x_wconf 85' lang='lat' dir='ltr'><strong>Domninusiste</strong></span> <span class='ocrx_word' id='word_1_23' title='bbox 459 627 735 711; x_wconf 75' lang='grc' dir='ltr'><strong><em>χρονογρᾶφοςηου</em></strong></span> <span class='ocrx_word' id='word_1_24' title='bbox 745 631 864 692; x_wconf 77' lang='lat' dir='ltr'>aliunde</span> <span class='ocrx_word' id='word_1_25' title='bbox 881 651 972 709; x_wconf 80' lang='lat' dir='ltr'><strong>quam</strong></span> <span class='ocrx_word' id='word_1_26' title='bbox 986 630 1114 691; x_wconf 80' lang='lat' dir='ltr'><strong>sblslels</strong></span> <span class='ocrx_word' id='word_1_27' title='bbox 1130 650 1239 709; x_wconf 83' lang='lat' dir='ltr'><strong>cogno·</strong></span> 
     </span>
     <span class='ocr_line' id='line_1_5' title="bbox 125 714 1239 797; baseline 0.001 -23"><span class='ocrx_word' id='word_1_28' title='bbox 125 716 171 774; x_wconf 85' lang='lat' dir='ltr'><strong>sci</strong></span> <span class='ocrx_word' id='word_1_29' title='bbox 188 725 300 795; x_wconf 88' lang='lat' dir='ltr'><strong>potest,</strong></span> <span class='ocrx_word' id='word_1_30' title='bbox 324 736 340 773; x_wconf 91' lang='lat' dir='ltr'><strong>a</strong></span> <span class='ocrx_word' id='word_1_31' title='bbox 362 737 424 795; x_wconf 90' lang='lat' dir='ltr'><strong>quo</strong></span> <span class='ocrx_word' id='word_1_32' title='bbox 447 716 620 795; x_wconf 68' lang='lat' dir='ltr'>saepissime</span> <span class='ocrx_word' id='word_1_33' title='bbox 643 716 682 775; x_wconf 83' lang='lat' dir='ltr'><strong>sd</strong></span> <span class='ocrx_word' id='word_1_34' title='bbox 701 728 802 797; x_wconf 76' lang='lat' dir='ltr'><strong>partes</strong></span> <span class='ocrx_word' id='word_1_35' title='bbox 824 729 957 775; x_wconf 85' lang='lat' dir='ltr'><strong>vocatur.</strong></span> <span class='ocrx_word' id='word_1_36' title='bbox 1006 714 1239 777; x_wconf 80' lang='lat' dir='ltr'><strong>Antiocltensern</strong></span> 
     </span>
     <span class='ocr_line' id='line_1_6' title="bbox 124 800 1238 881; baseline 0 -22"><span class='ocrx_word' id='word_1_37' title='bbox 124 804 220 860; x_wconf 77' lang='lat' dir='ltr'><strong>fuisse</strong></span> <span class='ocrx_word' id='word_1_38' title='bbox 235 800 408 861; x_wconf 86' lang='lat' dir='ltr'><strong>certissimis</strong></span> <span class='ocrx_word' id='word_1_39' title='bbox 428 801 518 877; x_wconf 76' lang='lat' dir='ltr'><strong>signis</strong></span> <span class='ocrx_word' id='word_1_40' title='bbox 539 800 762 879; x_wconf 84' lang='lat' dir='ltr'><strong>deprehendes,</strong></span> <span class='ocrx_word' id='word_1_41' title='bbox 786 802 837 861; x_wconf 88' lang='lat' dir='ltr'><strong>uhi</strong></span> <span class='ocrx_word' id='word_1_42' title='bbox 853 822 908 881; x_wconf 89' lang='lat' dir='ltr'><strong>per</strong></span> <span class='ocrx_word' id='word_1_43' title='bbox 927 800 1021 861; x_wconf 88' lang='lat' dir='ltr'><strong>otium</strong></span> <span class='ocrx_word' id='word_1_44' title='bbox 1036 801 1138 861; x_wconf 81' lang='lat' dir='ltr'><strong>licebit</strong></span> <span class='ocrx_word' id='word_1_45' title='bbox 1154 802 1238 861; x_wconf 90' lang='lat' dir='ltr'><strong>locos</strong></span> 
     </span>
     <span class='ocr_line' id='line_1_7' title="bbox 123 885 1239 965; baseline 0.003 -21"><span class='ocrx_word' id='word_1_46' title='bbox 123 887 203 947; x_wconf 82' lang='lat' dir='ltr'><strong>istos</strong></span> <span class='ocrx_word' id='word_1_47' title='bbox 217 887 390 947; x_wconf 70' lang='lat' dir='ltr'><strong>consuleret</strong></span> <span class='ocrx_word' id='word_1_48' title='bbox 414 886 613 965; x_wconf 68' lang='lat' dir='ltr'><strong>probabiliter</strong></span> <span class='ocrx_word' id='word_1_49' title='bbox 626 888 716 948; x_wconf 85' lang='lat' dir='ltr'><strong>etism</strong></span> <span class='ocrx_word' id='word_1_50' title='bbox 737 888 865 963; x_wconf 79' lang='lat' dir='ltr'><strong>dixeris,</strong></span> <span class='ocrx_word' id='word_1_51' title='bbox 888 886 1049 947; x_wconf 85' lang='lat' dir='ltr'><strong>deduxisse</strong></span> <span class='ocrx_word' id='word_1_52' title='bbox 1063 907 1130 946; x_wconf 85' lang='lat' dir='ltr'><strong>eum</strong></span> <span class='ocrx_word' id='word_1_53' title='bbox 1144 885 1239 947; x_wconf 87' lang='lat' dir='ltr'><strong>histo·</strong></span> 
     </span>
     <span class='ocr_line' id='line_1_8' title="bbox 121 971 1240 1053; baseline 0 -22"><span class='ocrx_word' id='word_1_54' title='bbox 121 972 205 1033; x_wconf 74' lang='lat' dir='ltr'><strong>rium</strong></span> <span class='ocrx_word' id='word_1_55' title='bbox 219 971 257 1030; x_wconf 89' lang='lat' dir='ltr'><strong>sb</strong></span> <span class='ocrx_word' id='word_1_56' title='bbox 273 971 400 1031; x_wconf 84' lang='lat' dir='ltr'><strong>exordio</strong></span> <span class='ocrx_word' id='word_1_57' title='bbox 414 973 519 1031; x_wconf 88' lang='lat' dir='ltr'><strong>mundi</strong></span> <span class='ocrx_word' id='word_1_58' title='bbox 535 992 631 1051; x_wconf 88' lang='lat' dir='ltr'><strong>usque</strong></span> <span class='ocrx_word' id='word_1_59' title='bbox 648 973 687 1032; x_wconf 85' lang='lat' dir='ltr'><strong>ud</strong></span> <span class='ocrx_word' id='word_1_60' title='bbox 707 974 865 1033; x_wconf 76' lang='lat' dir='ltr'><strong>iustiniani</strong></span> <span class='ocrx_word' id='word_1_61' title='bbox 889 983 1031 1053; x_wconf 80' lang='lat' dir='ltr'><strong>tempora.</strong></span> <span class='ocrx_word' id='word_1_62' title='bbox 1074 972 1181 1051; x_wconf 88' lang='lat' dir='ltr'><strong>ltaque</strong></span> <span class='ocrx_word' id='word_1_63' title='bbox 1192 975 1240 1031; x_wconf 92' lang='lat' dir='ltr'><strong>in·</strong></span> 
     </span>
     <span class='ocr_line' id='line_1_9' title="bbox 123 1056 1335 1136; baseline 0.004 -21"><span class='ocrx_word' id='word_1_64' title='bbox 123 1058 221 1117; x_wconf 88' lang='lat' dir='ltr'><strong>clinat</strong></span> <span class='ocrx_word' id='word_1_65' title='bbox 236 1058 364 1129; x_wconf 86' lang='lat' dir='ltr'><strong>animus,</strong></span> <span class='ocrx_word' id='word_1_66' title='bbox 387 1056 514 1117; x_wconf 86' lang='lat' dir='ltr'><strong>uthuuc</strong></span> <span class='ocrx_word' id='word_1_67' title='bbox 527 1058 620 1117; x_wconf 83' lang='lat' dir='ltr'><strong>fuisse</strong></span> <span class='ocrx_word' id='word_1_68' title='bbox 637 1060 816 1119; x_wconf 82' lang='lat' dir='ltr'><strong>Dotnninum</strong></span> <span class='ocrx_word' id='word_1_69' title='bbox 831 1060 915 1119; x_wconf 91' lang='lat' dir='ltr'><strong>illum</strong></span> <span class='ocrx_word' id='word_1_70' title='bbox 934 1058 1109 1129; x_wconf 75' lang='lat' dir='ltr'><strong>existimem,</strong></span> <span class='ocrx_word' id='word_1_71' title='bbox 1132 1058 1184 1136; x_wconf 89' lang='lat' dir='ltr'><strong>qui</strong></span> <span class='ocrx_word' id='word_1_72' title='bbox 1204 1079 1239 1117; x_wconf 86' lang='lat' dir='ltr'><strong>es</strong></span> <span class='ocrx_word' id='word_1_73' title='bbox 1257 1063 1283 1117; x_wconf 83' lang='lat' dir='ltr'>V</span> <span class='ocrx_word' id='word_1_74' title='bbox 1299 1064 1335 1121; x_wconf 80' lang='grc'><strong>07</strong></span> 
     </span>
     <span class='ocr_line' id='line_1_10' title="bbox 121 1143 1238 1243; baseline 0.002 -42"><span class='ocrx_word' id='word_1_75' title='bbox 121 1151 305 1221; x_wconf 71' lang='lat' dir='ltr'><strong>tempestate</strong></span> <span class='ocrx_word' id='word_1_76' title='bbox 322 1144 381 1201; x_wconf 82' lang='lat' dir='ltr'><strong>luit</strong></span> <span class='ocrx_word' id='word_1_77' title='bbox 397 1143 540 1203; x_wconf 80' lang='lat' dir='ltr'><strong>ecclesius</strong></span> <span class='ocrx_word' id='word_1_78' title='bbox 557 1143 768 1205; x_wconf 76' lang='lat' dir='ltr'><strong>Antiochensis</strong></span> <span class='ocrx_word' id='word_1_79' title='bbox 785 1147 961 1243; x_wconf 86' lang='lat' dir='ltr'><strong>Episcopus.</strong></span> <span class='ocrx_word' id='word_1_80' title='bbox 1004 1145 1079 1203; x_wconf 84' lang='lat' dir='ltr'><strong>Nem</strong></span> <span class='ocrx_word' id='word_1_81' title='bbox 1096 1163 1167 1203; x_wconf 85' lang='lat' dir='ltr'><strong>sune</strong></span> <span class='ocrx_word' id='word_1_82' title='bbox 1182 1145 1238 1205; x_wconf 85' lang='lat' dir='ltr'><strong>aic-</strong></span> 
     </span>
     <span class='ocr_line' id='line_1_11' title="bbox 120 1228 1238 1306; baseline 0.004 -21"><span class='ocrx_word' id='word_1_83' title='bbox 120 1232 163 1286; x_wconf 88' lang='lat' dir='ltr'><strong>ut</strong></span> <span class='ocrx_word' id='word_1_84' title='bbox 182 1229 233 1287; x_wconf 92' lang='lat' dir='ltr'><strong>hic</strong></span> <span class='ocrx_word' id='word_1_85' title='bbox 257 1228 400 1287; x_wconf 76' lang='lat' dir='ltr'><strong>sicanus</strong></span> <span class='ocrx_word' id='word_1_86' title='bbox 416 1248 446 1306; x_wconf 90' lang='lat' dir='ltr'><strong>p</strong></span> <span class='ocrx_word' id='word_1_87' title='bbox 463 1228 535 1292; x_wconf 77' lang='lat'><strong>265.</strong></span> <span class='ocrx_word' id='word_1_88' title='bbox 553 1230 685 1289; x_wconf 89' lang='lat' dir='ltr'><strong>Domnua</strong></span> <span class='ocrx_word' id='word_1_89' title='bbox 703 1240 847 1291; x_wconf 80' lang='lat' dir='ltr'><strong>vocatur·</strong></span> <span class='ocrx_word' id='word_1_90' title='bbox 868 1232 910 1289; x_wconf 85' lang='lat' dir='ltr'><strong>its</strong></span> <span class='ocrx_word' id='word_1_91' title='bbox 931 1230 1020 1289; x_wconf 88' lang='lat' dir='ltr'><strong>istum</strong></span> <span class='ocrx_word' id='word_1_92' title='bbox 1033 1228 1238 1289; x_wconf 80' lang='lat' dir='ltr'><strong>Pstsisrchsm</strong></span> 
     </span>
     <span class='ocr_line' id='line_1_12' title="bbox 119 1311 1238 1395; baseline 0.002 -24"><span class='ocrx_word' id='word_1_93' title='bbox 119 1311 338 1390; x_wconf 54' lang='lat' dir='ltr'><strong>hiDomnunm</strong></span> <span class='ocrx_word' id='word_1_94' title='bbox 360 1314 406 1373; x_wconf 92' lang='lat' dir='ltr'><strong>illi</strong></span> <span class='ocrx_word' id='word_1_95' title='bbox 429 1313 609 1373; x_wconf 89' lang='lat' dir='ltr'><strong>Domninum</strong></span> <span class='ocrx_word' id='word_1_96' title='bbox 628 1316 787 1395; x_wconf 76' lang='lat' dir='ltr'><strong>appellant</strong></span> <span class='ocrx_word' id='word_1_97' title='bbox 832 1314 957 1375; x_wconf 78' lang='lat' dir='ltr'><strong>Accedit</strong></span> <span class='ocrx_word' id='word_1_98' title='bbox 977 1314 1053 1389; x_wconf 91' lang='lat' dir='ltr'><strong>huc,</strong></span> <span class='ocrx_word' id='word_1_99' title='bbox 1076 1314 1158 1395; x_wconf 90' lang='lat' dir='ltr'><strong>quod</strong></span> <span class='ocrx_word' id='word_1_100' title='bbox 1173 1316 1238 1395; x_wconf 88' lang='lat' dir='ltr'><strong>ple.</strong></span> 
     </span>
     <span class='ocr_line' id='line_1_13' title="bbox 120 1399 1238 1481; baseline 0.004 -24"><span class='ocrx_word' id='word_1_101' title='bbox 120 1400 213 1476; x_wconf 88' lang='lat' dir='ltr'><strong>rique</strong></span> <span class='ocrx_word' id='word_1_102' title='bbox 240 1420 359 1475; x_wconf 86' lang='lat' dir='ltr'><strong>omnes,</strong></span> <span class='ocrx_word' id='word_1_103' title='bbox 397 1400 449 1478; x_wconf 90' lang='lat' dir='ltr'><strong>qui</strong></span> <span class='ocrx_word' id='word_1_104' title='bbox 474 1402 603 1477; x_wconf 77' lang='lat' dir='ltr'><strong>aggressi</strong></span> <span class='ocrx_word' id='word_1_105' title='bbox 633 1411 703 1460; x_wconf 85' lang='lat' dir='ltr'><strong>sunt</strong></span> <span class='ocrx_word' id='word_1_106' title='bbox 728 1412 867 1481; x_wconf 78' lang='lat' dir='ltr'><strong>tempora</strong></span> <span class='ocrx_word' id='word_1_107' title='bbox 896 1399 1081 1475; x_wconf 86' lang='lat' dir='ltr'><strong>describere,</strong></span> <span class='ocrx_word' id='word_1_108' title='bbox 1114 1400 1238 1461; x_wconf 81' lang='lat' dir='ltr'><strong>suerunt</strong></span> 
     </span>
     <span class='ocr_line' id='line_1_14' title="bbox 119 1483 1237 1567; baseline 0.004 -26"><span class='ocrx_word' id='word_1_109' title='bbox 119 1484 280 1564; x_wconf 85' lang='lat' dir='ltr'><strong>Episcopi;</strong></span> <span class='ocrx_word' id='word_1_110' title='bbox 305 1485 425 1558; x_wconf 86' lang='lat' dir='ltr'><strong>Victor,</strong></span> <span class='ocrx_word' id='word_1_111' title='bbox 448 1485 596 1564; x_wconf 84' lang='lat' dir='ltr'><strong>Prosper,</strong></span> <span class='ocrx_word' id='word_1_112' title='bbox 619 1483 822 1567; x_wconf 87' lang='lat' dir='ltr'><strong>Theophilus,</strong></span> <span class='ocrx_word' id='word_1_113' title='bbox 842 1486 1006 1565; x_wconf 85' lang='lat' dir='ltr'><strong>Eusebius,</strong></span> <span class='ocrx_word' id='word_1_114' title='bbox 1035 1496 1065 1546; x_wconf 92' lang='lat' dir='ltr'><strong>et</strong></span> <span class='ocrx_word' id='word_1_115' title='bbox 1089 1486 1237 1565; x_wconf 83' lang='lat' dir='ltr'><strong>Georgius</strong></span> 
     </span>
    </p>
   </div>
   <div class='ocr_carea' id='block_1_3' title="bbox 118 1569 1237 1732">
    <p class='ocr_par' dir='ltr' id='par_1_3' title="bbox 118 1569 1227 1729">
     <span class='ocr_line' id='line_1_15' title="bbox 118 1569 492 1651; baseline 0 -24"><span class='ocrx_word' id='word_1_116' title='bbox 118 1569 292 1651; x_wconf 87' lang='lat' dir='ltr'><strong>Episcopus</strong></span> <span class='ocrx_word' id='word_1_117' title='bbox 310 1570 492 1647; x_wconf 77' lang='lat' dir='ltr'><strong>designatus·</strong></span> 
     </span>
     <span class='ocr_line' id='line_1_16' title="bbox 208 1648 1237 1732; baseline -0.003 -19"><span class='ocrx_word' id='word_1_118' title='bbox 208 1656 355 1732; x_wconf 86' lang='lat' dir='ltr'><strong>Equidem</strong></span> <span class='ocrx_word' id='word_1_119' title='bbox 375 1650 493 1725; x_wconf 87' lang='lat' dir='ltr'><strong>nescio,</strong></span> <span class='ocrx_word' id='word_1_120' title='bbox 514 1658 584 1707; x_wconf 82' lang='lat' dir='ltr'><strong>utre</strong></span> <span class='ocrx_word' id='word_1_121' title='bbox 604 1669 652 1708; x_wconf 87' lang='lat' dir='ltr'><strong>res</strong></span> <span class='ocrx_word' id='word_1_122' title='bbox 676 1651 821 1729; x_wconf 84' lang='lat' dir='ltr'><strong>majorem</strong></span> <span class='ocrx_word' id='word_1_123' title='bbox 846 1648 1072 1709; x_wconf 82' lang='lat' dir='ltr'><strong>admirationem</strong></span> <span class='ocrx_word' id='word_1_124' title='bbox 1091 1650 1237 1728; x_wconf 79' lang='lat' dir='ltr'><strong>attulerit,</strong></span> 
     </span>
    </p>
   </div>
   <div class='ocr_carea' id='block_1_4' title="bbox 64 1734 1331 3352">
    <p class='ocr_par' dir='ltr' id='par_1_4' title="bbox 64 1734 1331 3352">
     <span class='ocr_line' id='line_1_17' title="bbox 118 1734 1236 1815; baseline -0.001 -18"><span class='ocrx_word' id='word_1_125' title='bbox 118 1748 171 1798; x_wconf 78' lang='lat' dir='ltr'><strong>tot</strong></span> <span class='ocrx_word' id='word_1_126' title='bbox 184 1741 304 1797; x_wconf 85' lang='lat' dir='ltr'><strong>uomina</strong></span> <span class='ocrx_word' id='word_1_127' title='bbox 319 1734 476 1794; x_wconf 90' lang='lat' dir='ltr'><strong>hominum</strong></span> <span class='ocrx_word' id='word_1_128' title='bbox 490 1734 614 1814; x_wconf 84' lang='lat' dir='ltr'><strong>propris</strong></span> <span class='ocrx_word' id='word_1_129' title='bbox 628 1756 645 1791; x_wconf 83' lang='lat' dir='ltr'>a</span> <span class='ocrx_word' id='word_1_130' title='bbox 659 1735 772 1793; x_wconf 83' lang='lat' dir='ltr'><strong>losnne</strong></span> <span class='ocrx_word' id='word_1_131' title='bbox 787 1745 931 1815; x_wconf 84' lang='lat' dir='ltr'><strong>corrupta</strong></span> <span class='ocrx_word' id='word_1_132' title='bbox 947 1756 1028 1810; x_wconf 86' lang='lat' dir='ltr'><strong>esse,</strong></span> <span class='ocrx_word' id='word_1_133' title='bbox 1053 1754 1090 1795; x_wconf 85' lang='lat' dir='ltr'><strong>sn</strong></span> <span class='ocrx_word' id='word_1_134' title='bbox 1107 1757 1140 1794; x_wconf 86' lang='lat' dir='ltr'><strong>ea</strong></span> <span class='ocrx_word' id='word_1_135' title='bbox 1155 1756 1236 1796; x_wconf 87' lang='lat' dir='ltr'><strong>men-</strong></span> 
     </span>
     <span class='ocr_line' id='line_1_18' title="bbox 64 1818 1238 1900; baseline 0 -19"><span class='ocrx_word' id='word_1_136' title='bbox 64 1884 69 1891; x_wconf 56' lang='lat'><strong>,</strong></span> <span class='ocrx_word' id='word_1_137' title='bbox 119 1822 162 1881; x_wconf 84' lang='lat' dir='ltr'><strong>ds</strong></span> <span class='ocrx_word' id='word_1_138' title='bbox 183 1844 200 1880; x_wconf 84' lang='lat' dir='ltr'><strong>o</strong></span> <span class='ocrx_word' id='word_1_139' title='bbox 217 1821 392 1881; x_wconf 78' lang='lat' dir='ltr'><strong>doctissimo</strong></span> <span class='ocrx_word' id='word_1_140' title='bbox 409 1822 574 1899; x_wconf 86' lang='lat' dir='ltr'><strong>interprete</strong></span> <span class='ocrx_word' id='word_1_141' title='bbox 596 1818 782 1879; x_wconf 82' lang='lat' dir='ltr'><strong>dissimulate</strong></span> <span class='ocrx_word' id='word_1_142' title='bbox 802 1820 893 1881; x_wconf 85' lang='lat' dir='ltr'><strong>fuisse</strong></span> <span class='ocrx_word' id='word_1_143' title='bbox 917 1829 946 1881; x_wconf 91' lang='lat' dir='ltr'><strong>et</strong></span> <span class='ocrx_word' id='word_1_144' title='bbox 968 1819 1087 1879; x_wconf 86' lang='lat' dir='ltr'><strong>silentio</strong></span> <span class='ocrx_word' id='word_1_145' title='bbox 1103 1832 1238 1900; x_wconf 85' lang='lat' dir='ltr'><strong>prseter-</strong></span> 
     </span>
     <span class='ocr_line' id='line_1_19' title="bbox 118 1900 1235 2011; baseline 0.003 -45"><span class='ocrx_word' id='word_1_146' title='bbox 118 1908 228 1967; x_wconf 83' lang='lat' dir='ltr'><strong>missu:</strong></span> <span class='ocrx_word' id='word_1_147' title='bbox 258 1907 343 1967; x_wconf 83' lang='lat' dir='ltr'><strong>verbi</strong></span> <span class='ocrx_word' id='word_1_148' title='bbox 363 1904 511 1984; x_wconf 81' lang='lat' dir='ltr'><strong>grstiap.</strong></span> <span class='ocrx_word' id='word_1_149' title='bbox 538 1910 597 1969; x_wconf 87' lang='lat'><strong>101</strong></span> <span class='ocrx_word' id='word_1_150' title='bbox 627 1913 657 1963; x_wconf 90' lang='lat' dir='ltr'><strong>et</strong></span> <span class='ocrx_word' id='word_1_151' title='bbox 678 1910 738 1971; x_wconf 88' lang='grc'><strong>171</strong></span> <span class='ocrx_word' id='word_1_152' title='bbox 773 1900 942 2009; x_wconf 76' lang='grc' dir='ltr'><strong><em>Ἰλννδυὶριος</em></strong></span> <span class='ocrx_word' id='word_1_153' title='bbox 962 1926 1020 1985; x_wconf 91' lang='lat' dir='ltr'><strong>pro</strong></span> <span class='ocrx_word' id='word_1_154' title='bbox 1051 1903 1235 2011; x_wconf 58' lang='grc' dir='ltr'><strong><em>Τυνδάρεως</em></strong></span> 
     </span>
     <span class='ocr_line' id='line_1_20' title="bbox 118 1984 1238 2094; baseline 0.001 -40"><span class='ocrx_word' id='word_1_155' title='bbox 118 1988 302 2073; x_wconf 78' lang='grc' dir='ltr'><strong><em>Αυδρόγηος</em></strong></span> <span class='ocrx_word' id='word_1_156' title='bbox 318 1997 379 2057; x_wconf 88' lang='lat'><strong>107</strong></span> <span class='ocrx_word' id='word_1_157' title='bbox 391 2012 448 2070; x_wconf 91' lang='lat' dir='ltr'><strong>pro</strong></span> <span class='ocrx_word' id='word_1_158' title='bbox 462 1984 652 2070; x_wconf 79' lang='grc' dir='ltr'><strong><em>Ανδρόχεως</em></strong></span> <span class='ocrx_word' id='word_1_159' title='bbox 696 1987 883 2072; x_wconf 80' lang='grc' dir='ltr'><strong><em>Πλησιοίνης</em></strong></span> <span class='ocrx_word' id='word_1_160' title='bbox 906 1996 963 2056; x_wconf 80' lang='grc'><strong>121</strong></span> <span class='ocrx_word' id='word_1_161' title='bbox 988 2011 1045 2070; x_wconf 85' lang='lat' dir='ltr'><strong>pro</strong></span> <span class='ocrx_word' id='word_1_162' title='bbox 1061 1988 1238 2094; x_wconf 81' lang='grc' dir='ltr'><strong><em>Πληλόνης,</em></strong></span> 
     </span>
     <span class='ocr_line' id='line_1_21' title="bbox 120 2071 1237 2158; baseline 0.002 -21"><span class='ocrx_word' id='word_1_163' title='bbox 120 2088 214 2157; x_wconf 73' lang='lat' dir='ltr'><strong>atque</strong></span> <span class='ocrx_word' id='word_1_164' title='bbox 231 2100 264 2137; x_wconf 90' lang='lat' dir='ltr'><strong>cs</strong></span> <span class='ocrx_word' id='word_1_165' title='bbox 281 2078 401 2157; x_wconf 86' lang='lat' dir='ltr'><strong>quidem</strong></span> <span class='ocrx_word' id='word_1_166' title='bbox 423 2096 484 2135; x_wconf 90' lang='lat' dir='ltr'><strong>non</strong></span> <span class='ocrx_word' id='word_1_167' title='bbox 506 2084 601 2133; x_wconf 83' lang='lat' dir='ltr'><strong>meter</strong></span> <span class='ocrx_word' id='word_1_168' title='bbox 624 2084 689 2134; x_wconf 86' lang='lat' dir='ltr'><strong>erut</strong></span> <span class='ocrx_word' id='word_1_169' title='bbox 709 2076 852 2149; x_wconf 81' lang='lat' dir='ltr'><strong>Atlantis,</strong></span> <span class='ocrx_word' id='word_1_170' title='bbox 878 2096 982 2137; x_wconf 82' lang='lat' dir='ltr'><strong>vorum</strong></span> <span class='ocrx_word' id='word_1_171' title='bbox 1002 2096 1093 2139; x_wconf 84' lang='lat' dir='ltr'><strong>uxor.</strong></span> <span class='ocrx_word' id='word_1_172' title='bbox 1138 2071 1237 2158; x_wconf 72' lang='grc' dir='ltr'><strong><em>λαβά-</em></strong></span> 
     </span>
     <span class='ocr_line' id='line_1_22' title="bbox 118 2156 1237 2270; baseline 0.001 -45"><span class='ocrx_word' id='word_1_173' title='bbox 118 2187 176 2270; x_wconf 85' lang='grc' dir='ltr'><strong>της</strong></span> <span class='ocrx_word' id='word_1_174' title='bbox 193 2168 253 2228; x_wconf 90' lang='grc'><strong>103</strong></span> <span class='ocrx_word' id='word_1_175' title='bbox 271 2184 340 2263; x_wconf 83' lang='lat' dir='ltr'><strong>pso</strong></span> <span class='ocrx_word' id='word_1_176' title='bbox 348 2156 485 2243; x_wconf 75' lang='grc' dir='ltr'><strong><em>Ιοβᾶνης</em></strong></span> <span class='ocrx_word' id='word_1_177' title='bbox 528 2156 714 2239; x_wconf 77' lang='grc' dir='ltr'><strong><em>Μηδίαν</em></strong></span> <span class='ocrx_word' id='word_1_178' title='bbox 677 2184 734 2241; x_wconf 88' lang='grc' dir='ltr'><strong>την</strong></span> <span class='ocrx_word' id='word_1_179' title='bbox 755 2166 812 2223; x_wconf 81' lang='grc' dir='ltr'><strong>τοῦ</strong></span> <span class='ocrx_word' id='word_1_180' title='bbox 832 2166 933 2225; x_wconf 68' lang='lat' dir='ltr'><strong>Aaou</strong></span> <span class='ocrx_word' id='word_1_181' title='bbox 954 2167 994 2229; x_wconf 84' lang='lat'><strong>97</strong></span> <span class='ocrx_word' id='word_1_182' title='bbox 1016 2182 1073 2243; x_wconf 90' lang='lat' dir='ltr'><strong>pro</strong></span> <span class='ocrx_word' id='word_1_183' title='bbox 1091 2166 1237 2243; x_wconf 81' lang='grc' dir='ltr'><strong><em>Μηδείου</em></strong></span> 
     </span>
     <span class='ocr_line' id='line_1_23' title="bbox 118 2241 1237 2327; baseline -0.001 -17"><span class='ocrx_word' id='word_1_184' title='bbox 118 2272 180 2327; x_wconf 84' lang='grc' dir='ltr'><strong>την</strong></span> <span class='ocrx_word' id='word_1_185' title='bbox 201 2254 257 2311; x_wconf 81' lang='grc' dir='ltr'><strong>τοῦ</strong></span> <span class='ocrx_word' id='word_1_186' title='bbox 276 2241 402 2327; x_wconf 73' lang='lat' dir='ltr'><strong>Animo.</strong></span> <span class='ocrx_word' id='word_1_187' title='bbox 454 2244 569 2324; x_wconf 84' lang='grc' dir='ltr'><strong><em>Πέλωψ</em></strong></span> <span class='ocrx_word' id='word_1_188' title='bbox 589 2254 620 2304; x_wconf 84' lang='lat' dir='ltr'><strong>ct</strong></span> <span class='ocrx_word' id='word_1_189' title='bbox 639 2244 788 2323; x_wconf 80' lang='grc' dir='ltr'><strong><em>Πέλωαος</em></strong></span> <span class='ocrx_word' id='word_1_190' title='bbox 810 2250 851 2311; x_wconf 85' lang='grc'><strong>99</strong></span> <span class='ocrx_word' id='word_1_191' title='bbox 873 2256 902 2307; x_wconf 88' lang='lat' dir='ltr'><strong>ct</strong></span> <span class='ocrx_word' id='word_1_192' title='bbox 923 2246 984 2312; x_wconf 75' lang='lat'><strong>104</strong></span> <span class='ocrx_word' id='word_1_193' title='bbox 1006 2268 1062 2326; x_wconf 91' lang='lat' dir='ltr'><strong>pro</strong></span> <span class='ocrx_word' id='word_1_194' title='bbox 1081 2246 1190 2327; x_wconf 81' lang='grc' dir='ltr'><strong><em>Πέλοψ</em></strong></span> <span class='ocrx_word' id='word_1_195' title='bbox 1207 2256 1237 2309; x_wconf 84' lang='lat' dir='ltr'><strong>et</strong></span> 
     </span>
     <span class='ocr_line' id='line_1_24' title="bbox 121 2328 1236 2436; baseline 0.002 -42"><span class='ocrx_word' id='word_1_196' title='bbox 121 2332 273 2436; x_wconf 69' lang='grc' dir='ltr'><strong><em>Πέληαος.</em></strong></span> <span class='ocrx_word' id='word_1_197' title='bbox 316 2333 481 2432; x_wconf 80' lang='grc' dir='ltr'><strong><em>Αμφίωυα</em></strong></span> <span class='ocrx_word' id='word_1_198' title='bbox 487 2332 528 2397; x_wconf 83' lang='grc'><strong>55</strong></span> <span class='ocrx_word' id='word_1_199' title='bbox 541 2350 599 2411; x_wconf 84' lang='lat' dir='ltr'><strong>pro</strong></span> <span class='ocrx_word' id='word_1_200' title='bbox 615 2332 771 2412; x_wconf 83' lang='grc' dir='ltr'><strong><em>Αμφίονα.</em></strong></span> <span class='ocrx_word' id='word_1_201' title='bbox 805 2328 974 2405; x_wconf 59' lang='lat' dir='ltr'><strong>Atracides·</strong></span> <span class='ocrx_word' id='word_1_202' title='bbox 989 2352 1046 2413; x_wconf 89' lang='lat' dir='ltr'><strong>pro</strong></span> <span class='ocrx_word' id='word_1_203' title='bbox 1066 2330 1236 2397; x_wconf 78' lang='grc' dir='ltr'><strong><em>Αίυειᾶδαι</em></strong></span> 
     </span>
     <span class='ocr_line' id='line_1_25' title="bbox 123 2410 1238 2522; baseline 0.003 -43"><span class='ocrx_word' id='word_1_204' title='bbox 123 2413 262 2497; x_wconf 63' lang='lat' dir='ltr'><strong>Iustiore]</strong></span> <span class='ocrx_word' id='word_1_205' title='bbox 278 2418 319 2484; x_wconf 84' lang='lat'><strong>59</strong></span> <span class='ocrx_word' id='word_1_206' title='bbox 334 2436 392 2497; x_wconf 91' lang='lat' dir='ltr'><strong>pro</strong></span> <span class='ocrx_word' id='word_1_207' title='bbox 407 2410 548 2494; x_wconf 69' lang='lat' dir='ltr'><strong>luxoium</strong></span> <span class='ocrx_word' id='word_1_208' title='bbox 590 2416 785 2491; x_wconf 78' lang='grc' dir='ltr'><strong><em>Ενεωκλέους</em></strong></span> <span class='ocrx_word' id='word_1_209' title='bbox 800 2422 841 2481; x_wconf 83' lang='grc'><strong>68</strong></span> <span class='ocrx_word' id='word_1_210' title='bbox 863 2439 921 2521; x_wconf 84' lang='lat' dir='ltr'><strong>pro</strong></span> <span class='ocrx_word' id='word_1_211' title='bbox 938 2416 1127 2492; x_wconf 83' lang='grc' dir='ltr'><strong><em>Ετεοκλέους.</em></strong></span> <span class='ocrx_word' id='word_1_212' title='bbox 1160 2428 1238 2522; x_wconf 84' lang='grc' dir='ltr'><strong>Αμ-</strong></span> 
     </span>
     <span class='ocr_line' id='line_1_26' title="bbox 120 2498 1237 2585; baseline 0.002 -20"><span class='ocrx_word' id='word_1_213' title='bbox 120 2506 234 2585; x_wconf 80' lang='grc' dir='ltr'><strong><em>φίαρος</em></strong></span> <span class='ocrx_word' id='word_1_214' title='bbox 248 2506 292 2570; x_wconf 84' lang='grc'><strong>63</strong></span> <span class='ocrx_word' id='word_1_215' title='bbox 305 2524 364 2582; x_wconf 89' lang='lat' dir='ltr'><strong>pro</strong></span> <span class='ocrx_word' id='word_1_216' title='bbox 381 2498 574 2583; x_wconf 78' lang='grc' dir='ltr'><strong><em>Δμφιοὶραος.</em></strong></span> <span class='ocrx_word' id='word_1_217' title='bbox 604 2504 781 2564; x_wconf 76' lang='grc' dir='ltr'><strong><em>Δευκαλίων</em></strong></span> <span class='ocrx_word' id='word_1_218' title='bbox 797 2501 816 2565; x_wconf 80' lang='grc' dir='ltr'>ὁ</span> <span class='ocrx_word' id='word_1_219' title='bbox 831 2500 897 2576; x_wconf 80' lang='grc' dir='ltr'><strong><em>υίὸς</em></strong></span> <span class='ocrx_word' id='word_1_220' title='bbox 918 2507 1030 2577; x_wconf 84' lang='grc' dir='ltr'><strong><em>Ελευος</em></strong></span> <span class='ocrx_word' id='word_1_221' title='bbox 1044 2526 1098 2565; x_wconf 81' lang='grc' dir='ltr'><strong>του</strong></span> <span class='ocrx_word' id='word_1_222' title='bbox 1086 2501 1237 2584; x_wconf 78' lang='grc' dir='ltr'><strong><em>Πήκου,</em></strong></span> 
     </span>
     <span class='ocr_line' id='line_1_27' title="bbox 120 2587 1237 2668; baseline -0.004 -14"><span class='ocrx_word' id='word_1_223' title='bbox 120 2589 165 2654; x_wconf 74' lang='grc'><strong>84</strong></span> <span class='ocrx_word' id='word_1_224' title='bbox 181 2610 238 2668; x_wconf 91' lang='lat' dir='ltr'><strong>pro</strong></span> <span class='ocrx_word' id='word_1_225' title='bbox 252 2594 400 2667; x_wconf 85' lang='grc' dir='ltr'><strong><em>Ελληυος</em></strong></span> <span class='ocrx_word' id='word_1_226' title='bbox 444 2588 506 2647; x_wconf 87' lang='lat' dir='ltr'><strong>Nec</strong></span> <span class='ocrx_word' id='word_1_227' title='bbox 527 2596 624 2645; x_wconf 80' lang='lat' dir='ltr'><strong>tomen</strong></span> <span class='ocrx_word' id='word_1_228' title='bbox 637 2589 828 2647; x_wconf 76' lang='lat' dir='ltr'><strong>Deucalionis</strong></span> <span class='ocrx_word' id='word_1_229' title='bbox 845 2598 933 2668; x_wconf 86' lang='lat' dir='ltr'><strong>pster</strong></span> <span class='ocrx_word' id='word_1_230' title='bbox 949 2597 1015 2647; x_wconf 90' lang='lat' dir='ltr'><strong>erat</strong></span> <span class='ocrx_word' id='word_1_231' title='bbox 1037 2587 1159 2664; x_wconf 86' lang='lat' dir='ltr'><strong>Hellen,</strong></span> <span class='ocrx_word' id='word_1_232' title='bbox 1182 2590 1237 2649; x_wconf 84' lang='lat' dir='ltr'><strong>sed</strong></span> 
     </span>
     <span class='ocr_line' id='line_1_28' title="bbox 119 2668 1237 2753; baseline 0.001 -21"><span class='ocrx_word' id='word_1_233' title='bbox 119 2674 212 2734; x_wconf 83' lang='lat' dir='ltr'><strong>filius.</strong></span> <span class='ocrx_word' id='word_1_234' title='bbox 254 2671 453 2753; x_wconf 81' lang='grc' dir='ltr'><strong><em>Αντιφάντην</em></strong></span> <span class='ocrx_word' id='word_1_235' title='bbox 481 2671 541 2738; x_wconf 82' lang='lat'><strong>145</strong></span> <span class='ocrx_word' id='word_1_236' title='bbox 572 2692 631 2751; x_wconf 89' lang='lat' dir='ltr'><strong>pro</strong></span> <span class='ocrx_word' id='word_1_237' title='bbox 655 2668 843 2751; x_wconf 75' lang='grc' dir='ltr'><strong><em>Αντιφοὶτην.</em></strong></span> <span class='ocrx_word' id='word_1_238' title='bbox 890 2672 1029 2751; x_wconf 77' lang='grc' dir='ltr'><strong><em>Τηλέφου</em></strong></span> <span class='ocrx_word' id='word_1_239' title='bbox 1051 2672 1140 2749; x_wconf 78' lang='lat' dir='ltr'><strong>Regis</strong></span> <span class='ocrx_word' id='word_1_240' title='bbox 1158 2673 1237 2733; x_wconf 79' lang='lat' dir='ltr'><strong>Lati-</strong></span> 
     </span>
     <span class='ocr_line' id='line_1_29' title="bbox 120 2752 1237 2839; baseline -0.002 -19"><span class='ocrx_word' id='word_1_241' title='bbox 120 2780 230 2820; x_wconf 85' lang='lat' dir='ltr'><strong>uorum</strong></span> <span class='ocrx_word' id='word_1_242' title='bbox 248 2760 310 2826; x_wconf 72' lang='lat'><strong>205</strong></span> <span class='ocrx_word' id='word_1_243' title='bbox 324 2778 382 2838; x_wconf 87' lang='lat' dir='ltr'><strong>pro</strong></span> <span class='ocrx_word' id='word_1_244' title='bbox 403 2752 597 2839; x_wconf 76' lang='grc' dir='ltr'><strong><em>Τηλεμάχου,</em></strong></span> <span class='ocrx_word' id='word_1_245' title='bbox 619 2776 749 2836; x_wconf 87' lang='lat' dir='ltr'><strong>quorum</strong></span> <span class='ocrx_word' id='word_1_246' title='bbox 773 2756 825 2816; x_wconf 92' lang='lat' dir='ltr'><strong>hic</strong></span> <span class='ocrx_word' id='word_1_247' title='bbox 840 2758 955 2836; x_wconf 87' lang='lat' dir='ltr'><strong>Ulyssis</strong></span> <span class='ocrx_word' id='word_1_248' title='bbox 976 2768 1006 2817; x_wconf 92' lang='lat' dir='ltr'><strong>et</strong></span> <span class='ocrx_word' id='word_1_249' title='bbox 1021 2758 1237 2838; x_wconf 86' lang='lat' dir='ltr'><strong>Penelopesli-</strong></span> 
     </span>
     <span class='ocr_line' id='line_1_30' title="bbox 119 2842 1235 2921; baseline 0.001 -17"><span class='ocrx_word' id='word_1_250' title='bbox 119 2845 199 2921; x_wconf 87' lang='lat' dir='ltr'><strong>lius,</strong></span> <span class='ocrx_word' id='word_1_251' title='bbox 226 2845 277 2904; x_wconf 90' lang='lat' dir='ltr'><strong>ills</strong></span> <span class='ocrx_word' id='word_1_252' title='bbox 301 2842 439 2903; x_wconf 83' lang='lat' dir='ltr'><strong>Herculis</strong></span> <span class='ocrx_word' id='word_1_253' title='bbox 472 2853 503 2902; x_wconf 90' lang='lat' dir='ltr'><strong>et</strong></span> <span class='ocrx_word' id='word_1_254' title='bbox 526 2845 632 2919; x_wconf 78' lang='lat' dir='ltr'><strong>Auges.</strong></span> <span class='ocrx_word' id='word_1_255' title='bbox 681 2844 819 2903; x_wconf 86' lang='lat' dir='ltr'><strong>Duorum</strong></span> <span class='ocrx_word' id='word_1_256' title='bbox 850 2844 1013 2903; x_wconf 84' lang='lat' dir='ltr'><strong>verborum</strong></span> <span class='ocrx_word' id='word_1_257' title='bbox 1038 2843 1235 2905; x_wconf 87' lang='lat' dir='ltr'><strong>similitudine</strong></span> 
     </span>
     <span class='ocr_line' id='line_1_31' title="bbox 120 2927 1234 3008; baseline 0.001 -19"><span class='ocrx_word' id='word_1_258' title='bbox 120 2941 186 2990; x_wconf 83' lang='lat' dir='ltr'><strong>tots</strong></span> <span class='ocrx_word' id='word_1_259' title='bbox 200 2930 342 2988; x_wconf 81' lang='lat' dir='ltr'><strong>historiae</strong></span> <span class='ocrx_word' id='word_1_260' title='bbox 360 2930 438 2988; x_wconf 83' lang='lat' dir='ltr'><strong>ratio</strong></span> <span class='ocrx_word' id='word_1_261' title='bbox 456 2938 502 2988; x_wconf 87' lang='lat' dir='ltr'><strong>sst</strong></span> <span class='ocrx_word' id='word_1_262' title='bbox 520 2927 706 3007; x_wconf 77' lang='lat' dir='ltr'><strong>perturbato.</strong></span> <span class='ocrx_word' id='word_1_263' title='bbox 758 2929 817 2989; x_wconf 88' lang='lat' dir='ltr'><strong>Sed</strong></span> <span class='ocrx_word' id='word_1_264' title='bbox 836 2928 1056 3008; x_wconf 87' lang='lat' dir='ltr'><strong>propemodum</strong></span> <span class='ocrx_word' id='word_1_265' title='bbox 1077 2933 1157 2989; x_wconf 88' lang='lat' dir='ltr'><strong>omni</strong></span> <span class='ocrx_word' id='word_1_266' title='bbox 1174 2930 1234 2991; x_wconf 86' lang='lat' dir='ltr'><strong>fide</strong></span> 
     </span>
     <span class='ocr_line' id='line_1_32' title="bbox 119 3013 1331 3096; baseline 0.002 -22"><span class='ocrx_word' id='word_1_267' title='bbox 119 3016 235 3095; x_wconf 80' lang='lat' dir='ltr'><strong>majora</strong></span> <span class='ocrx_word' id='word_1_268' title='bbox 249 3024 320 3073; x_wconf 87' lang='lat' dir='ltr'><strong>sunt</strong></span> <span class='ocrx_word' id='word_1_269' title='bbox 341 3024 438 3073; x_wconf 87' lang='lat' dir='ltr'><strong>errste</strong></span> <span class='ocrx_word' id='word_1_270' title='bbox 460 3013 581 3094; x_wconf 81' lang='lat' dir='ltr'><strong>p.185.</strong></span> <span class='ocrx_word' id='word_1_271' title='bbox 598 3014 652 3071; x_wconf 87' lang='lat' dir='ltr'><strong>ubi</strong></span> <span class='ocrx_word' id='word_1_272' title='bbox 674 3015 860 3075; x_wconf 76' lang='lat' dir='ltr'><strong>Graecorum</strong></span> <span class='ocrx_word' id='word_1_273' title='bbox 881 3016 974 3075; x_wconf 86' lang='lat' dir='ltr'><strong>duces</strong></span> <span class='ocrx_word' id='word_1_274' title='bbox 995 3026 1150 3091; x_wconf 85' lang='lat' dir='ltr'><strong>recenset,</strong></span> <span class='ocrx_word' id='word_1_275' title='bbox 1181 3016 1235 3096; x_wconf 86' lang='lat' dir='ltr'><strong>qui</strong></span> <span class='ocrx_word' id='word_1_276' title='bbox 1252 3027 1278 3081; x_wconf 91' lang='lat'>0</span> <span class='ocrx_word' id='word_1_277' title='bbox 1294 3026 1331 3085; x_wconf 78' lang='grc'><strong>74</strong></span> 
     </span>
     <span class='ocr_line' id='line_1_33' title="bbox 121 3099 1233 3179; baseline -0.001 -19"><span class='ocrx_word' id='word_1_278' title='bbox 121 3111 227 3160; x_wconf 81' lang='lat' dir='ltr'><strong>contre</strong></span> <span class='ocrx_word' id='word_1_279' title='bbox 247 3099 395 3178; x_wconf 83' lang='lat' dir='ltr'><strong>Trojanos</strong></span> <span class='ocrx_word' id='word_1_280' title='bbox 416 3120 498 3161; x_wconf 80' lang='lat' dir='ltr'><strong>erma</strong></span> <span class='ocrx_word' id='word_1_281' title='bbox 526 3109 681 3177; x_wconf 85' lang='lat' dir='ltr'><strong>ceperunt.</strong></span> <span class='ocrx_word' id='word_1_282' title='bbox 732 3101 808 3160; x_wconf 83' lang='lat' dir='ltr'><strong>Nem</strong></span> <span class='ocrx_word' id='word_1_283' title='bbox 832 3110 867 3159; x_wconf 90' lang='lat' dir='ltr'><strong>ut</strong></span> <span class='ocrx_word' id='word_1_284' title='bbox 889 3102 928 3161; x_wconf 87' lang='lat' dir='ltr'><strong>de</strong></span> <span class='ocrx_word' id='word_1_285' title='bbox 948 3120 1074 3161; x_wconf 88' lang='lat' dir='ltr'><strong>numero</strong></span> <span class='ocrx_word' id='word_1_286' title='bbox 1100 3101 1233 3179; x_wconf 79' lang='lat' dir='ltr'><strong>navium,</strong></span> 
     </span>
     <span class='ocr_line' id='line_1_34' title="bbox 122 3183 1234 3263; baseline 0.004 -17"><span class='ocrx_word' id='word_1_287' title='bbox 122 3187 178 3246; x_wconf 91' lang='lat' dir='ltr'><strong>etsi</strong></span> <span class='ocrx_word' id='word_1_288' title='bbox 194 3208 226 3245; x_wconf 91' lang='lat' dir='ltr'><strong>es</strong></span> <span class='ocrx_word' id='word_1_289' title='bbox 242 3186 320 3245; x_wconf 87' lang='lat' dir='ltr'><strong>rstio</strong></span> <span class='ocrx_word' id='word_1_290' title='bbox 334 3186 422 3263; x_wconf 88' lang='lat' dir='ltr'><strong>longe</strong></span> <span class='ocrx_word' id='word_1_291' title='bbox 440 3183 632 3244; x_wconf 80' lang='lat' dir='ltr'><strong>vitiosissime</strong></span> <span class='ocrx_word' id='word_1_292' title='bbox 646 3194 708 3259; x_wconf 88' lang='lat' dir='ltr'><strong>est,</strong></span> <span class='ocrx_word' id='word_1_293' title='bbox 729 3184 806 3245; x_wconf 92' lang='lat' dir='ltr'><strong>nibil</strong></span> <span class='ocrx_word' id='word_1_294' title='bbox 830 3184 944 3263; x_wconf 80' lang='lat' dir='ltr'><strong>dicsm3</strong></span> <span class='ocrx_word' id='word_1_295' title='bbox 969 3204 1039 3246; x_wconf 86' lang='lat' dir='ltr'><strong>ecce</strong></span> <span class='ocrx_word' id='word_1_296' title='bbox 1059 3186 1113 3245; x_wconf 91' lang='lat' dir='ltr'><strong>tibi</strong></span> <span class='ocrx_word' id='word_1_297' title='bbox 1132 3185 1234 3250; x_wconf 79' lang='grc' dir='ltr'><strong><em>Μενί-</em></strong></span> 
     </span>
     <span class='ocr_line' id='line_1_35' title="bbox 120 3229 1100 3352; baseline -0.005 -17"><span class='ocrx_word' id='word_1_298' title='bbox 120 3277 194 3347; x_wconf 89' lang='grc' dir='ltr'><strong><em>λαος</em></strong></span> <span class='ocrx_word' id='word_1_299' title='bbox 208 3266 424 3352; x_wconf 81' lang='grc' dir='ltr'><strong><em>καλΛηῑστος,</em></strong></span> <span class='ocrx_word' id='word_1_300' title='bbox 447 3290 506 3351; x_wconf 90' lang='lat' dir='ltr'><strong>pro</strong></span> <span class='ocrx_word' id='word_1_301' title='bbox 523 3268 682 3349; x_wconf 88' lang='grc' dir='ltr'><strong><em>Πηνέλαος</em></strong></span> <span class='ocrx_word' id='word_1_302' title='bbox 696 3229 748 3333; x_wconf 73' lang='lat' dir='ltr'><strong>isal</strong></span> <span class='ocrx_word' id='word_1_303' title='bbox 764 3266 890 3351; x_wconf 75' lang='grc' dir='ltr'><strong><em>Λήϊτος</em></strong></span> <span class='ocrx_word' id='word_1_304' title='bbox 936 3230 1100 3332; x_wconf 82' lang='lat' dir='ltr'><strong>llomerus·</strong></span> 
     </span>
    </p>
   </div>
   <div class='ocr_carea' id='block_1_5' title="bbox 284 3366 1025 3540">
    <p class='ocr_par' dir='ltr' id='par_1_5' title="bbox 284 3366 1025 3540">
     <span class='ocr_line' id='line_1_36' title="bbox 286 3366 1025 3476; baseline 0.003 -41"><span class='ocrx_word' id='word_1_305' title='bbox 286 3376 431 3436; x_wconf 76' lang='grc' dir='ltr'><strong><em>Βοιωτῶν</em></strong></span> <span class='ocrx_word' id='word_1_306' title='bbox 445 3369 501 3475; x_wconf 75' lang='lat' dir='ltr'><strong>plo</strong></span> <span class='ocrx_word' id='word_1_307' title='bbox 512 3370 692 3475; x_wconf 74' lang='grc' dir='ltr'><strong><em>Πηνέλεως,</em></strong></span> <span class='ocrx_word' id='word_1_308' title='bbox 710 3371 762 3435; x_wconf 78' lang='grc' dir='ltr'><strong>καὶ</strong></span> <span class='ocrx_word' id='word_1_309' title='bbox 777 3366 934 3454; x_wconf 82' lang='grc' dir='ltr'><strong><em>Ληϊτος</em></strong></span> <span class='ocrx_word' id='word_1_310' title='bbox 911 3397 1025 3476; x_wconf 85' lang='grc' dir='ltr'><strong><em>ηρχον,</em></strong></span> 
     </span>
     <span class='ocr_line' id='line_1_37' title="bbox 284 3451 1005 3540; baseline -0.001 -18"><span class='ocrx_word' id='word_1_311' title='bbox 284 3454 473 3540; x_wconf 78' lang='grc' dir='ltr'><strong><em>Αρκεσίλαός</em></strong></span> <span class='ocrx_word' id='word_1_312' title='bbox 488 3479 534 3529; x_wconf 82' lang='grc' dir='ltr'><strong>τε,</strong></span> <span class='ocrx_word' id='word_1_313' title='bbox 558 3451 755 3539; x_wconf 79' lang='grc' dir='ltr'><strong><em>Προθοήνωρ</em></strong></span> <span class='ocrx_word' id='word_1_314' title='bbox 772 3482 803 3521; x_wconf 83' lang='grc' dir='ltr'><strong>τε</strong></span> <span class='ocrx_word' id='word_1_315' title='bbox 820 3454 950 3534; x_wconf 79' lang='grc' dir='ltr'><strong><em>Κλόυιὸς</em></strong></span> <span class='ocrx_word' id='word_1_316' title='bbox 963 3480 1005 3521; x_wconf 88' lang='grc' dir='ltr'><strong>τε.</strong></span> 
     </span>
    </p>
   </div>
   <div class='ocr_carea' id='block_1_6' title="bbox 121 3554 1235 3727">
    <p class='ocr_par' dir='ltr' id='par_1_6' title="bbox 121 3554 1235 3727">
     <span class='ocr_line' id='line_1_38' title="bbox 121 3554 1235 3643; baseline -0.002 -20"><span class='ocrx_word' id='word_1_317' title='bbox 121 3558 231 3643; x_wconf 84' lang='grc' dir='ltr'><strong><em>Μέγης</em></strong></span> <span class='ocrx_word' id='word_1_318' title='bbox 261 3559 295 3624; x_wconf 69' lang='lat' dir='ltr'><strong>ln</strong></span> <span class='ocrx_word' id='word_1_319' title='bbox 318 3563 448 3641; x_wconf 82' lang='grc' dir='ltr'><strong><em>Δολίχης</em></strong></span> <span class='ocrx_word' id='word_1_320' title='bbox 474 3563 530 3639; x_wconf 81' lang='grc' dir='ltr'><strong>τῆς</strong></span> <span class='ocrx_word' id='word_1_321' title='bbox 550 3554 689 3637; x_wconf 74' lang='grc' dir='ltr'><strong><em>Ελλᾶδος</em></strong></span> <span class='ocrx_word' id='word_1_322' title='bbox 716 3584 758 3621; x_wconf 80' lang='lat' dir='ltr'><strong>ex</strong></span> <span class='ocrx_word' id='word_1_323' title='bbox 777 3558 905 3622; x_wconf 81' lang='lat' dir='ltr'><strong>Doliche</strong></span> <span class='ocrx_word' id='word_1_324' title='bbox 926 3556 1095 3622; x_wconf 79' lang='lat' dir='ltr'><strong>Helladioo</strong></span> <span class='ocrx_word' id='word_1_325' title='bbox 1120 3582 1179 3643; x_wconf 91' lang='lat' dir='ltr'><strong>pro</strong></span> <span class='ocrx_word' id='word_1_326' title='bbox 1201 3562 1235 3628; x_wconf 73' lang='lat' dir='ltr'><strong>ht</strong></span> 
     </span>
     <span class='ocr_line' id='line_1_39' title="bbox 121 3646 677 3727; baseline 0.006 -21"><span class='ocrx_word' id='word_1_327' title='bbox 121 3647 283 3727; x_wconf 79' lang='grc' dir='ltr'><strong><em>Δουλιχίου</em></strong></span> <span class='ocrx_word' id='word_1_328' title='bbox 300 3646 522 3722; x_wconf 74' lang='grc' dir='ltr'><strong><em>ἐξεναντίας</em></strong></span> <span class='ocrx_word' id='word_1_329' title='bbox 483 3669 539 3725; x_wconf 86' lang='grc' dir='ltr'><strong>της</strong></span> <span class='ocrx_word' id='word_1_330' title='bbox 552 3648 677 3720; x_wconf 80' lang='grc' dir='ltr'><strong><em>Ηλιδος.</em></strong></span> 
     </span>
    </p>
   </div>
   <div class='ocr_carea' id='block_1_7' title="bbox 287 3740 1047 4003">
    <p class='ocr_par' dir='ltr' id='par_1_7' title="bbox 287 3740 1047 4003">
     <span class='ocr_line' id='line_1_40' title="bbox 289 3740 971 3828; baseline 0.001 -18"><span class='ocrx_word' id='word_1_331' title='bbox 289 3745 374 3811; x_wconf 83' lang='lat' dir='ltr'><strong>Ott&#39;</strong></span> <span class='ocrx_word' id='word_1_332' title='bbox 388 3750 626 3828; x_wconf 80' lang='grc' dir='ltr'><strong><em>ίκΔουλιχί,οιο</em></strong></span> <span class='ocrx_word' id='word_1_333' title='bbox 647 3740 844 3827; x_wconf 79' lang='grc' dir='ltr'><strong><em>Εχινιίωνο’</em></strong></span> <span class='ocrx_word' id='word_1_334' title='bbox 859 3742 971 3826; x_wconf 76' lang='grc' dir='ltr'><strong><em>ίερᾶων</em></strong></span> 
     </span>
     <span class='ocr_line' id='line_1_41' title="bbox 287 3830 1047 3943; baseline -0.003 -46"><span class='ocrx_word' id='word_1_335' title='bbox 287 3830 421 3943; x_wconf 41' lang='grc' dir='ltr'><strong><em>Νησων,,</em></strong></span> <span class='ocrx_word' id='word_1_336' title='bbox 446 3858 478 3897; x_wconf 78' lang='grc' dir='ltr'><strong>αι</strong></span> <span class='ocrx_word' id='word_1_337' title='bbox 464 3836 616 3897; x_wconf 76' lang='grc' dir='ltr'><strong><em>ναίουσι</em></strong></span> <span class='ocrx_word' id='word_1_338' title='bbox 630 3833 726 3913; x_wconf 79' lang='grc' dir='ltr'><strong><em>πέρην</em></strong></span> <span class='ocrx_word' id='word_1_339' title='bbox 737 3830 812 3909; x_wconf 68' lang='lat' dir='ltr'><strong>siloc</strong></span> <span class='ocrx_word' id='word_1_340' title='bbox 826 3830 977 3907; x_wconf 77' lang='grc' dir='ltr'><strong><em>Ηλαλος”</em></strong></span> <span class='ocrx_word' id='word_1_341' title='bbox 955 3857 1047 3912; x_wconf 82' lang='grc' dir='ltr'><strong><em>αντα,</em></strong></span> 
     </span>
     <span class='ocr_line' id='line_1_42' title="bbox 289 3912 1036 4003; baseline -0.001 -20"><span class='ocrx_word' id='word_1_342' title='bbox 289 3924 357 3983; x_wconf 79' lang='grc' dir='ltr'><strong><em>Τοῖα</em></strong></span> <span class='ocrx_word' id='word_1_343' title='bbox 372 3913 451 3983; x_wconf 74' lang='grc' dir='ltr'><strong><em>αὖθ’</em></strong></span> <span class='ocrx_word' id='word_1_344' title='bbox 464 3912 626 4003; x_wconf 80' lang='grc' dir='ltr'><strong><em>ηχεμόυευε</em></strong></span> <span class='ocrx_word' id='word_1_345' title='bbox 640 3918 751 4001; x_wconf 80' lang='grc' dir='ltr'><strong><em>Μέγης</em></strong></span> <span class='ocrx_word' id='word_1_346' title='bbox 765 3913 930 3993; x_wconf 79' lang='grc' dir='ltr'><strong><em>ἇτοίλαντος</em></strong></span> <span class='ocrx_word' id='word_1_347' title='bbox 944 3926 1036 4003; x_wconf 81' lang='grc' dir='ltr'><strong><em>Αρηϊ.</em></strong></span> 
     </span>
    </p>
   </div>
   <div class='ocr_carea' id='block_1_8' title="bbox 119 4015 1233 4191">
    <p class='ocr_par' dir='ltr' id='par_1_8' title="bbox 119 4015 1233 4191">
     <span class='ocr_line' id='line_1_43' title="bbox 119 4015 1233 4118; baseline -0.001 -34"><span class='ocrx_word' id='word_1_348' title='bbox 119 4015 253 4118; x_wconf 67' lang='lat' dir='ltr'><strong>Apim</strong></span> <span class='ocrx_word' id='word_1_349' title='bbox 274 4018 328 4083; x_wconf 82' lang='grc' dir='ltr'><strong>καί</strong></span> <span class='ocrx_word' id='word_1_350' title='bbox 348 4023 510 4099; x_wconf 80' lang='grc' dir='ltr'><strong><em>Τευθίδης.</em></strong></span> <span class='ocrx_word' id='word_1_351' title='bbox 558 4022 640 4100; x_wconf 80' lang='lat' dir='ltr'><strong>Euge</strong></span> <span class='ocrx_word' id='word_1_352' title='bbox 661 4043 752 4099; x_wconf 84' lang='lat' dir='ltr'><strong>vero,</strong></span> <span class='ocrx_word' id='word_1_353' title='bbox 775 4022 898 4097; x_wconf 79' lang='lat' dir='ltr'><strong>hiulcis,</strong></span> <span class='ocrx_word' id='word_1_354' title='bbox 922 4022 973 4101; x_wconf 88' lang='lat' dir='ltr'><strong>qui</strong></span> <span class='ocrx_word' id='word_1_355' title='bbox 993 4020 1031 4081; x_wconf 88' lang='lat' dir='ltr'><strong>de</strong></span> <span class='ocrx_word' id='word_1_356' title='bbox 1051 4020 1158 4103; x_wconf 90' lang='lat' dir='ltr'><strong>oppidi</strong></span> <span class='ocrx_word' id='word_1_357' title='bbox 1177 4042 1233 4083; x_wconf 87' lang='lat' dir='ltr'><strong>no-</strong></span> 
     </span>
     <span class='ocr_line' id='line_1_44' title="bbox 119 4100 1232 4191; baseline 0.005 -26"><span class='ocrx_word' id='word_1_358' title='bbox 119 4106 199 4166; x_wconf 89' lang='lat' dir='ltr'><strong>mine</strong></span> <span class='ocrx_word' id='word_1_359' title='bbox 215 4106 342 4167; x_wconf 87' lang='lat' dir='ltr'><strong>Heroem</strong></span> <span class='ocrx_word' id='word_1_360' title='bbox 363 4107 543 4170; x_wconf 83' lang='lat' dir='ltr'><strong>confinxisti.</strong></span> <span class='ocrx_word' id='word_1_361' title='bbox 587 4108 770 4188; x_wconf 87' lang='lat' dir='ltr'><strong>Siquidem&#39;</strong></span> <span class='ocrx_word' id='word_1_362' title='bbox 760 4128 793 4167; x_wconf 81' lang='lat' dir='ltr'><strong>su</strong></span> <span class='ocrx_word' id='word_1_363' title='bbox 812 4108 944 4169; x_wconf 88' lang='lat' dir='ltr'><strong>Homero</strong></span> <span class='ocrx_word' id='word_1_364' title='bbox 964 4108 1091 4187; x_wconf 80' lang='lat' dir='ltr'><strong>legimus</strong></span> <span class='ocrx_word' id='word_1_365' title='bbox 1105 4100 1232 4191; x_wconf 78' lang='lat' dir='ltr'><strong>Ayorcn&#39;·</strong></span> 
     </span>
    </p>
   </div>
   <div class='ocr_carea' id='block_1_9' title="bbox 118 4191 1064 4381">
    <p class='ocr_par' dir='ltr' id='par_1_9' title="bbox 118 4191 1064 4381">
     <span class='ocr_line' id='line_1_45' title="bbox 118 4191 369 4275; baseline 0.008 -22"><span class='ocrx_word' id='word_1_366' title='bbox 118 4214 183 4274; x_wconf 81' lang='grc' dir='ltr'><strong>νωρ</strong></span> <span class='ocrx_word' id='word_1_367' title='bbox 198 4191 231 4255; x_wconf 75' lang='grc' dir='ltr'><strong>ἐν</strong></span> <span class='ocrx_word' id='word_1_368' title='bbox 252 4191 369 4275; x_wconf 80' lang='grc' dir='ltr'><strong><em>Τεγέης.</em></strong></span> 
     </span>
     <span class='ocr_line' id='line_1_46' title="bbox 287 4287 1064 4381; baseline 0.003 -24"><span class='ocrx_word' id='word_1_369' title='bbox 287 4287 369 4359; x_wconf 69' lang='lat' dir='ltr'><strong>ote’</strong></span> <span class='ocrx_word' id='word_1_370' title='bbox 386 4292 456 4379; x_wconf 74' lang='grc' dir='ltr'><strong><em>ἔχου</em></strong></span> <span class='ocrx_word' id='word_1_371' title='bbox 468 4294 628 4381; x_wconf 56' lang='lat' dir='ltr'><strong>Apustio</strong></span> <span class='ocrx_word' id='word_1_372' title='bbox 639 4293 692 4363; x_wconf 79' lang='grc' dir='ltr'><strong><em>καλ</em></strong></span> <span class='ocrx_word' id='word_1_373' title='bbox 705 4289 870 4379; x_wconf 73' lang='grc' dir='ltr'><strong><em>Κυλλήνης</em></strong></span> <span class='ocrx_word' id='word_1_374' title='bbox 884 4291 956 4381; x_wconf 76' lang='grc' dir='ltr'><strong><em>’ὁρας</em></strong></span> <span class='ocrx_word' id='word_1_375' title='bbox 972 4288 1064 4372; x_wconf 74' lang='grc' dir='ltr'><strong><em>αἶαν,</em></strong></span> 
     </span>
    </p>
   </div>
   <div class='ocr_carea' id='block_1_10' title="bbox 0 0 1480 4817">
    <p class='ocr_par' dir='ltr' id='par_1_10' title="bbox 0 0 1480 4817">
     <span class='ocr_line' id='line_1_47' title="bbox 0 0 1480 4817; baseline 0 1"><span class='ocrx_word' id='word_1_376' title='bbox 0 0 1480 4817; x_wconf 95' lang='lat' dir='ltr'><strong> </strong></span> 
     </span>
    </p>
   </div>
  </div>
 </body>
</html>
