2950 4817
229 220 306 297 740
678 212 889 285 BENTLElI

391 388 503 473 Dignis
523 384 617 469 «tigna
637 387 707 453 loca
725 391 853 473 picturis
873 386 1080 452 condecoravit

392 474 526 557 Reginae
547 476 668 537 Junoni'
693 474 831 557 Supremi
852 477 981 559 ron'ugi’
1003 468 1145 552 ternplum

393 560 523 623 Illarcus
544 560 663 621 Ludius
683 561 791 623 Elotas
812 501 939 622 Anaia
959 556 1112 634 oriundus,

398 642 491 723 Quem
504 661 623 722 nuncet
638 661 708 727 post
722 670 834 727 semper
850 645 888 706 ab
910 658 1002 705 artem
1016 642 1093 703 lsano
1106 638 1218 702 Ardea
1235 634 1356 701 miae

227 724 275 789 Rs
295 740 364 789 sunt
377 730 490 809 scripta
507 732 640 812 antiquis
660 729 753 791 literis
766 730 899 791 Latinis.
942 730 1045 789 Elotss
1067 737 1112 789 eet
1127 724 1292 799 Eitaitae,
1316 726 1359 785 ei-

228 809 335 893 λοίπης.
378 815 527 874 Gruterus
543 815 732 894 Epigramma
748 814 809 877 hoo
824 817 956 897 profert,
988 824 1130 895 tanquam
1147 835 1167 873 a
1181 808 1359 872 Boissardo

228 901 326 960 visum
341 898 373 957 in
391 898 571 958 hortisJulii
585 922 631 959 nr.
647 902 756 963 Pontii.
771 902 906 965 Romani.

139 997 216 1057 v40
316 984 437 1043 DlGNE
465 986 751 1063 DOCTILOQUEIS
781 984 981 1047 PICTUREIS
1012 993 1045 1045 et
1068 1002 1147 1063 quae
1167 990 1358 1061 sequantur.

229 1068 300 1129 Sine
315 1068 409 1129 dubio
428 1068 568 1130 falsarius
590 1072 698 1150 aliquis
713 1072 745 1129 in
764 1072 865 1153 lapide
887 1070 1112 1130 inscribendum
1128 1077 1316 1139 curaverat,
1340 1084 1359 1123 a

229 1155 327 1215 Plinio
349 1154 382 1215 id
404 1164 569 1215 mutuatus.
613 1158 752 1217 Profecto
774 1158 850 1217 male
872 1176 994 1237 opernm
1009 1156 1083 1213 lusit
1094 1154 1125 1213 in
1141 1172 1241 1212 versu
1255 1151 1357 1229 prims

229 1238 418 1317 corrigendo.
461 1242 563 1302 Editio
580 1240 693 1302 Veneta
709 1243 780 1303 anni
796 1262 1030 1303 ueccaumus.
1050 1238 1148 1299 habet.
1161 1236 1281 1318 Dignis
1305 1232 1357 1293 eii·

227 1346 290 1405 gna
302 1322 381 1388 loco.
422 1325 502 1399 Lego
515 1325 622 1403 igitur:

131 1422 159 1477 0
175 1424 212 1479 80
437 1408 547 1490 Dignis
568 1408 670 1491 dignu'
691 1408 759 1470 loco
779 1411 905 1492 picturis
928 1406 1145 1469 condecoravit.

229 1492 379 1555 Luciliuss
438 1490 561 1553 Samnis
581 1518 704 1575 spurcus
723 1494 812 1555 homo
834 1497 897 1554 uita
918 1490 975 1553 itta
997 1486 1097 1572 ‹iignu'
1116 1490 1258 1572 locoque.

229 1578 348 1658 Dignus
367 1574 437 1638 loco
454 1588 500 1637 est
521 1583 584 1639 τῶν
599 1579 714 1658 μέσων·
740 1580 814 1639 etin
835 1580 946 1637 bonam
961 1580 1010 1637 rel
1024 1577 1132 1635 malam
1146 1584 1270 1654 partam
1288 1573 1357 1653 capi

228 1673 341 1745 potest.
394 1660 478 1721 Nihil
496 1664 599 1720 verius
621 1662 680 1720 hac
703 1664 920 1723 emendatione.
964 1662 999 1721 ln
1025 1660 1128 1721 eadem
1148 1671 1196 1719 est
1218 1658 1356 1719 editione

229 1744 355 1807 Aetolia
375 1742 517 1817 arundus,
538 1745 627 1822 longe
641 1746 762 1823 quidem
778 1748 895 1823 rnelius,
917 1768 1007 1825 quarn
1023 1745 1105 1827 quod
1119 1746 1151 1805 in
1164 1742 1271 1805 indice
1285 1746 1356 1803 Sca·

228 1831 316 1909 ligeri
329 1837 391 1906 est,
412 1825 526 1888 Aetola
539 1828 694 1897 oriundus.
736 1831 899 1890 Lucretius
918 1832 972 1893 lib.
985 1838 1016 1897 2.

398 1912 534 1991 Denique
554 1916 678 1975 coelesti
697 1936 801 1975 sumus
817 1938 919 1977 omnes
933 1916 1045 1977 semine
1062 1913 1184 1975 orandi.

230 2002 301 2062 Sive
315 1999 412 2059 maris
433 2018 503 2056 curu
520 2000 650 2077 vulgatis
665 2000 766 2076 libris,
790 2000 925 2063 oriundi:
956 2012 1036 2062 certe
1051 1998 1236 2079 trisyllabon
1251 1996 1294 2057 sit
1305 2017 1355 2057 ne·

231 2105 315 2149 eme
329 2094 384 2146 est.
428 2086 479 2143 Sic
498 2082 593 2161 igitur
606 2088 734 2145 vetustis
748 2088 808 2147 illis
824 2108 890 2146 mas
906 2096 969 2147 erut
977 2129 988 2162 ,
1009 2095 1045 2145 ut
1058 2084 1214 2145 interdurn
1233 2082 1355 2161 quidem

230 2173 264 2232 in
279 2170 340 2245 AS,
362 2170 552 2248 frequentius
564 2170 634 2231 inl
649 2174 765 2232 Graeca
781 2174 903 2231 nomios
916 2172 1028 2232 vellent
1041 2170 1132 2229 exire.
1178 2170 1290 2229 Postea
1308 2188 1355 2225 re·

229 2278 276 2330 ro,
298 2266 334 2315 ut
349 2256 392 2315 ait
408 2254 629 2333 Quintilianus,
650 2259 822 2318 recentiores
837 2260 1024 2319 instituerunt
1041 2252 1165 2315 Graecis
1179 2251 1354 2313 nominibus

234 2338 366 2403 Graecas
385 2336 596 2401 declinationes
607 2343 709 2424 potius
723 2338 804 2407 dare.
847 2341 976 2403 Proinde
989 2339 1049 2403 hoc
1060 2340 1236 2401 institutum
1248 2348 1353 2399 tenus-

228 2432 304 2489 runt

274 2510 450 2587 lucretius,
492 2505 533 2569 tet
553 2508 635 2594 puori
654 2510 865 2593 Anaxagoras
885 2510 945 2571 sili
964 2512 1072 2573 sumit:

230 2594 331 2657 Varro
353 2594 394 2655 ae
406 2596 442 2653 ll.
458 2596 494 2655 R.
508 2596 623 2675 antiqui
640 2608 741 2657 tamen
761 2608 796 2656 ut
812 2598 863 2677 qui
882 2596 1024 2673 maxime,
1046 2603 1166 2656 amator
1185 2592 1352 2655 sermonist

230 2679 400 2763 Arolrytas,
423 2680 583 2761 Hegesias,
604 2682 825 2763 Athenagoras,
846 2681 1000 2742 Mnaseas.
1030 2688 1061 2741 et
1074 2680 1154 2761 apud
1170 2680 1304 2739 Nonium
1319 2680 1350 2737 iu

231 2768 391 2827 Scaturex.
428 2762 581 2840 Ismeniae,
608 2766 788 2848 Thebogenes
792 2769 868 2849 fluit
885 2766 1045 2828 Saatureoe.
1068 2767 1134 2843 lege
1154 2764 1351 2846 Thebogene,

231 2845 420 2932 θηβαγενής.
462 2850 501 2909 Et
514 2849 650 2911 similiter
662 2852 780 2928 Cicero,
801 2850 879 2931 apud
892 2872 980 2929 quem
996 2853 1088 2929 vulgo
1103 2862 1277 2911 occurrunt
1287 2850 1352 2910 Ar·

233 2934 330 3012 olsias,
354 2930 493 3013 Gorgias,
516 2933 648 3010 Phidias,
674 2935 789 3013 Cineas,
810 2938 940 3013 Prusias,
961 2934 1127 3005 Arcesilas,
1152 2932 1351 3011 Chamauos,

235 3015 364 3095 Critias,
386 3018 555 3097 Diagoras,
576 3020 726 3103 Hippios,
747 3020 872 3105 lysias,
896 3032 925 3081 et
946 3022 1033 3100 siqua
1055 3022 1171 3081 similia.
1216 3020 1294 3081 Nam
1313 3018 1352 3079 da

231 3100 423 3183 Hennagara
437 3104 605 3181 Ciceronis,
625 3125 735 3168 vereor
747 3127 786 3166 ne
800 3107 909 3167 uitiosa
926 3106 1030 3167 codice
1045 3127 1119 3168 usus
1135 3106 1175 3168 sit
1190 3106 1352 3180 Quintilis.

232 3208 301 3254 nus.
345 3188 485 3249 Proleoto
508 3192 587 3253 enirn
609 3212 712 3251 omnes
733 3192 871 3265 omnino,
904 3193 960 3272 qui
981 3212 1063 3253 nune
1082 3202 1253 3273 supersunt
1272 3192 1354 3251 MSS.

233 3284 406 3334 constanter
427 3272 539 3335 habent
552 3273 766 3358 Hermagoras.
808 3278 868 3338 Sed
889 3279 995 3339 melius
1010 3287 1055 3338 est
1069 3299 1108 3339 ex
1122 3279 1198 3359 ipsis
1209 3278 1289 3337 lacis
1301 3296 1353 3336 ex-

231 3360 434 3443 perimentum
452 3358 560 3440 judicii
583 3382 707 3441 cepere,
738 3363 816 3423 libro
837 3364 937 3445 primo
960 3365 1003 3425 De
1025 3362 1217 3425 inventiones
1251 3360 1353 3436 Huius

233 3444 453 3505 constitutionis
473 3442 678 3527 Hermagoras
699 3448 832 3508 inuentor
854 3472 914 3509 esse
933 3449 1138 3511 existimatur:
1174 3458 1206 3508 ct
1223 3448 1352 3509 ibidem:

237 3525 328 3606 Quod
346 3530 374 3587 si
392 3550 532 3610 magnam
546 3531 579 3590 in
603 3530 650 3590 liis
666 3530 871 3615 Hermagoras
890 3530 1037 3593 habuisset
1056 3530 1252 3618 facultatem.
1295 3534 1353 3590 ue.

233 3633 314 3693 pone
326 3611 378 3672 lsic
390 3616 554 3695 paulisper,
576 3614 765 3697 Hermagora
777 3619 920 3694 inuentor,
936 3628 966 3678 et
979 3616 1169 3700 Hermagora
1181 3616 1354 3696 tatium

234 3716 298 3757 non
316 3697 407 3759 sentis
421 3702 573 3761 vocalium
587 3722 768 3761 concussum
782 3714 864 3763 vaste
879 3702 1033 3765 hiantem?
1063 3706 1125 3781 Ego
1141 3725 1213 3763 vero
1233 3704 1355 3763 Cicero-

234 3802 305 3843 nem
318 3783 362 3842 ita
382 3783 535 3865 scripsisse
555 3808 593 3847 ne
612 3787 672 3867 ipsi
689 3788 811 3867 quidem
823 3789 961 3849 Ciceroni
980 3788 1140 3849 affirmanti
1158 3788 1354 3850 crediderim.

236 3868 321 3941 Quid
339 3867 437 3929 dicam
457 3872 496 3931 de
518 3872 719 3953 scriptoribus
738 3874 806 3933 sevi
828 3875 1014 3953 Augustaeil
1045 3874 1121 3953 quid
1138 3873 1175 3935 (le
1190 3874 1353 3952 insequen-

234 3956 313 4014 tium
327 3956 482 4014 aetatusn'l
512 3978 620 4037 nempe
635 3958 741 4019 esdem
755 3969 821 4019 tum
835 3958 1022 4019 consuetudo
1038 3960 1183 4036 invaluit,
1210 3969 1247 4019 ut
1259 3960 1292 4018 in
1307 3965 1353 4033 Ας

235 4038 378 4099 caderent
394 4040 508 4099 Graeca
527 4046 658 4105 namins.
701 4046 795 4123 Spero
810 4042 884 4105 milui
896 4044 986 4105 [idern
1005 4045 1084 4125 apud
1099 4054 1130 4106 te
1143 4064 1222 4121 esse3
1245 4064 1284 4105 ne
1298 4064 1353 4104 ne-

237 4142 319 4183 cesse
333 4122 458 4185 habeam
478 4125 594 4187 infinita
608 4126 660 4189 hio
678 4130 815 4211 exempla
830 4150 1015 4193 enumerare.
1059 4130 1150 4205 Quod
1166 4139 1351 4191 tamencum

238 4210 416 4291 exceptione
436 4210 552 4275 dictum
569 4214 674 4291 relim3
706 4224 756 4295 ut,
787 4235 960 4298 quanquam
979 4216 1090 4279 eruditi
1114 4214 1253 4277 homines
1272 4234 1351 4298 eum,
