2950 4817
206 300 284 374 500
604 282 967 385 nnnornrronns.

290 460 367 547 Peg.
382 468 415 529 9.·
429 463 480 531 14.
503 453 694 541 ἆναπὸὃησιν
711 460 768 535 ἕως
782 457 866 541 Σήθ]
880 460 972 520 Forte
985 457 1190 533 scribendum,
1205 452 1319 519 ἀναπό-

208 555 298 626 diors,
321 562 355 610 ut
371 550 449 611 enim
465 548 501 608 ah
515 542 705 622 ἄνακαινίζω,
719 541 921 621 circumivisse,
935 546 979 605 ita
993 546 1031 604 ab
1048 540 1233 619 ἆναποδίζω,
1249 536 1329 604 niun-'

207 633 328 709 πόὸισις
352 635 476 697 formari
493 642 611 715 potest:
636 634 745 695 Graeci
764 642 866 693 tamen
896 630 1087 711 frequentius
1112 623 1322 708 ἆναποδισμόν

209 723 324 785 dicunt.

294 809 373 885 Pog-
397 808 449 867 10.
473 808 523 870 11.
567 796 730 883 γενόμενος
743 795 789 884 pff
804 800 893 883 ἐτοῖν]
915 803 980 861 Sor.
995 794 1034 883 ρ’.
1077 802 1185 861 Semus
1199 797 1324 858 enimc.

207 902 324 953 tanturn
349 909 495 949 annorum
513 898 591 963 erut,
621 888 744 966 quando
767 888 871 965 genuit
891 884 1126 966 Arphaxadum:
1149 894 1219 964 post
1240 880 1325 962 quod

207 989 329 1057 tempus
348 974 497 1054 superfuit
510 974 596 1033 annis
612 974 647 1034 0.
693 974 849 1033 Caeterum
861 988 1010 1031 “errorem
1027 971 1111 1029 hunc
1126 969 1325 1050 prosequitur

209 1064 325 1124 Auctor
344 1061 376 1121 in
397 1058 537 1141 proxime
567 1059 781 1138 sequentibus,
803 1056 872 1117 nbi
894 1078 965 1119 eum
986 1057 1075 1117 neu.
1104 1056 1189 1115 annis
1211 1055 1326 1114 vixisse

208 1150 286 1209 vult.

294 1234 372 1311 Peg.
394 1233 444 1295 11.
465 1229 496 1297 4.
540 1222 701 1311 γράμματα
727 1227 779 1293 ἐπί
805 1250 897 1290 τινων
925 1225 1007 1306 etc]
1042 1229 1109 1287 Ser.
1138 1218 1326 1308 γράμμασιν.

210 1312 381 1402 ἐντυγχάνω
398 1312 477 1375 enim
493 1312 596 1381 dativo
614 1312 894 1416 semperjungitur.

294 1400 372 1482 Pag.
397 1404 447 1464 11.
472 1398 502 1463 5.
546 1404 607 1461 τῶν
624 1406 814 1482 Εγρηγορων
826 1392 1004 1477 παράδοσις]
1035 1396 1079 1456 De
1095 1395 1216 1473 Angelis
1230 1392 1325 1465 hisce,

209 1485 368 1569 Egregoris
380 1483 513 1559 vocatis,
541 1484 613 1545 vide
636 1504 714 1563 quas
740 1504 779 1543 ex
806 1480 922 1542 Enochi
941 1479 1126 1561 Apccryphi
1149 1481 1203 1543 lib.
1224 1480 1327 1561 primo

211 1572 339 1650 aliisque
355 1568 474 1649 profert
487 1570 548 1631 Jos.
562 1569 696 1647 Scaliger
714 1568 747 1627 in
766 1569 847 1627 notis
869 1568 931 1625 suis
952 1588 1001 1647 sp.
1021 1565 1145 1625 Eusebii
1168 1564 1279 1626 Chron.
1294 1584 1327 1642 p.

210 1657 283 1721 243.
326 1654 443 1713 Horum
463 1664 564 1714 autern
578 1656 759 1733 scripturam
776 1652 950 1729 cedrenus,
971 1673 1034 1712 non
1049 1651 1149 1710 Salam
1155 1695 1165 1727 ,
1188 1651 1243 1711 sed
1256 1650 1327 1708 Cai-

210 1760 324 1801 nanum
336 1736 524 1799 inventorem
536 1739 619 1799 iacit.

300 1828 374 1905 Peg.
400 1828 450 1889 11.
482 1828 532 1889 16.
581 1822 711 1905 ἐπείγειν
740 1821 937 1905 ἐγκεχείριστο
962 1818 1021 1902 τήν
1041 1815 1232 1901 οἰκοδομὴν]
1260 1822 1325 1879 Scr.

212 1910 444 1991 dvrssxeipsorn„
639 1968 643 1981 ,

299 1998 372 2075 Png.
397 1999 447 2059 12.
474 1994 504 2057 1.
544 1994 589 2076 'cpi
602 1990 681 2073 Εβερ
700 1986 777 2065 θεὸς
797 1984 856 2053 οὔκ
877 1988 1025 2073 ν’στὲρησε
1043 1987 1101 2071 τήν
1117 1984 1247 2071 ἀρχαίαν
1263 2012 1326 2066 ‹pu-

211 2077 283 2161 νήν]
305 2078 438 2177 yerbum
454 2074 602 2161 duseps'u,
623 2072 683 2138 hoc
707 2096 799 2137 seusu
819 2086 991 2157 sumptum,
1012 2075 1099 2139 haud
1118 2085 1234 2137 temero
1253 2072 1329 2133 alibi

212 2184 356 2227 mvenrea.

300 2246 375 2330 Pag·
400 2252 450 2312 12.
471 2244 501 2314 8'.
545 2240 652 2325 ἐφαθᾶ
666 2243 717 2309 καί
741 2239 980 2328 ταίηθακοόμη,
1004 2243 1056 2309 ent
1078 2238 1192 2326 λιμᾶσα
1208 2246 1329 2327 pultin-

213 2332 267 2419 νὴ]
289 2334 352 2395 Ser.
374 2326 505 2413 dppndd
519 2328 631 2395 ταλιθᾶ
645 2334 754 2413 script,
775 2328 856 2411 inpii
872 2333 1055 2413 σαβαχθανί.

238 2502 252 2569 ἐ
298 2420 452 2505 1003212.
472 2422 525 2485 20.
570 2415 624 2481 καί
642 2414 704 2480 ἔστι
722 2416 944 2500 κεχαίκαμένος
963 2416 1052 2498 ἴχνη]
1073 2415 1154 2495 Lego
1168 2418 1328 2496 κεχαλκευ·

253 2528 299 2568 να.

214 2530 235 2588 μ
301 2592 374 2668 Pog-
399 2588 448 2653 13.
467 2588 498 2651 3.
540 2584 594 2651 seui
608 2584 750 2669 ἐγέννησε
764 2583 818 2650 τᾶν
832 2586 932 2667 Paos]
955 2589 1020 2651 Scr.
1045 2589 1164 2669 Pnyuu't
1187 2586 1231 2645 ita
1247 2582 1329 2645 enim

213 2682 343 2738 vocatur
356 2672 426 2729 Luc.
442 2676 472 2735 3.

304 2762 376 2836 Psg.
399 2758 450 2822 13.
481 2761 512 2821 7.
553 2754 606 2821 καὶ
625 2760 680 2837 τῆς
698 2760 837 2837 τελευτῆς
864 2750 985 2837 Φάλεκ]
1018 2754 1183 2817 Mendosus
1204 2747 1251 2813 esi
1270 2754 1328 2812 iste

215 2844 392 2924 Computus.
436 2841 467 2900 Si
487 2842 566 2901 enim
590 2842 773 2920 Linguarum
796 2841 940 2901 Confusio
961 2842 1074 2902 accidit
1094 2862 1173 2901 anno
1194 2858 1326 2899 uxxxvr.

214 2939 286 3010 post
300 2925 465 3002 diluvium,
489 2926 514 2985 is
531 2937 594 2987 erat
605 2926 730 2987 Phaleci
745 2948 841 2987 annus
856 2948 886 3004 v,
903 2927 993 3007 juxta
1013 2947 1080 2987 cxx
1101 2926 1255 2986 seniorum
1273 2945 1326 2983 ra-

215 3015 329 3089 tiones,
359 3020 430 3091 post
457 3012 540 3090 quod
562 3022 681 3091 tenipus
696 3012 846 3071 Phalecus
860 3012 946 3071 annis
971 3032 1125 3073 cccmrr
1145 3007 1325 3091 supervixit.

216 3098 361 3159 Confusio
377 3096 480 3175 itaque
497 3097 699 3175 Lingunruin,
722 3108 752 3159 et
770 3096 895 3157 Phaleci
916 3097 1018 3158 obitus
1032 3098 1111 3159 mala
1135 3097 1172 3157 ab
1192 3097 1325 3155 Auctore

215 3186 246 3245 in
262 3202 356 3243 unum
370 3191 489 3261 ternpus
503 3182 714 3263 conjiciuntur.

303 3272 375 3347 Peg.
400 3270 448 3331 13.
475 3264 524 3331 14.
567 3266 620 3329 sui
641 3262 696 3329 cdv
718 3261 837 3345 lesistis]
868 3266 925 3327 iste
948 3288 1010 3327 non
1031 3264 1161 3327 habetur
1180 3265 1326 3327 inTextu

216 3374 321 3415 sacro:
343 3371 400 3413 nec
412 3350 515 3411 Jectan
529 3352 636 3433 aliquis
656 3352 736 3413 inter
754 3350 875 3433 Japhsti
894 3351 974 3413 filios
992 3362 1186 3430 numeratur,
1213 3350 1265 3411 vel
1287 3348 1324 3408 ab

215 3438 366 3514 Eusebio,
390 3436 527 3498 cedreno
545 3448 597 3497 aut
615 3436 683 3497 Chr.
699 3436 786 3497 Alex.

301 3520 378 3601 Pag.
402 3526 451 3585 15.
474 3528 527 3587 20.
570 3520 852 3603 τήνκατανέμησιν]
874 3521 964 3583 Forte
978 3518 1054 3586 κατὰ
1069 3519 1282 3603 supplendum.

267 3685 275 3709 ν
302 3604 375 3687 Pug·
405 3610 452 3671 14.
475 3606 504 3671 5.
548 3606 599 3669 καί
627 3604 893 3689 Ρινοκουρούτων]
918 3607 1179 3709 [10111111110111
1204 3610 1326 3668 Pisono-

217 3690 1155 3863 11111111111311,1111113111·
1180 3688 1325 3839 titt:

218 3855 315 3942 ρούρα
333 3859 412 3919 Urbs
437 3873 501 3923 erat
522 3863 670 3943 Aegypti,
691 3864 737 3923 sic
757 3864 839 3923 dicta
863 3863 901 3922 ab
926 3866 990 3946 ejus
1011 3863 1139 3945 incolis,
1159 3862 1212 3944 qui
1235 3880 1326 3921 nasus

218 3966 289 4007 suos
305 3945 535 4025 praecidebant,
555 3949 599 4006 uti
613 3948 692 4007 idem
708 3948 880 4029 Stephanus
893 3958 1034 4015 testatur.

305 4034 379 4109 Pug·
404 4032 453 4096 14.
485 4038 535 4099 10.
586 4030 752 4115 Κόρόηνα]
781 4033 928 4095 Eusebius
957 4046 988 4097 et
1017 4036 1170 4098 cedrenus
1201 4030 1323 4107 habent,

218 4116 402 4198 Κοὸρυαίία,
426 4116 496 4180 Chr.
512 4117 560 4180 sl.
582 4118 747 4199 Κορδυλία.
1014 4129 1019 4137 “

303 4200 379 4281 Pssg·
404 4200 453 4267 14.
477 4202 525 4267 15.
571 4196 704 4283 Θήναις]
728 4204 808 4281 Lego
822 4205 956 4285 Θηβαΐς,
977 4204 1025 4261 uti
1043 4200 1155 4263 habent
1171 4200 1324 4263 Cedrenus

218 4296 249 4348 st
264 4284 335 4347 Chr.
352 4286 440 4349 Alex.
460 4286 532 4349 licet
544 4286 577 4348 in
589 4286 650 4350 hoc
663 4290 752 4351 locus
769 4290 827 4353 ists
842 4288 935 4351 hodie
952 4298 1097 4371 corrupta
1110 4287 1228 4369 legitur.
