2950 4817
276 300 352 375 724
728 292 936 364 BENTLEll

277 469 414 554 Πέμφιγι
432 471 534 533 πᾶσαν
554 465 630 549 ’ὄφιν
649 464 763 555 ἆγγέλφ
783 465 909 549 πυρός.)
930 468 983 533 καὶ
997 463 1071 552 παρ’
1095 462 1217 553 Ιβόκφ·
1252 464 1398 553 Hariolo

274 558 427 639 πέμφιγας
438 550 583 636 πιόμενοι.
615 554 748 617 λέλεκται
763 553 900 629 allobrog
914 555 933 619 ό
948 551 1038 637 λόγος
1054 550 1141 640 αότβ
1154 548 1238 617 merri
1251 578 1330 615 τινα
1344 578 1398 615 τια-

274 640 411 727 ραβολην
425 640 693 721 ἒπιχειμαζομένων
715 638 797 725 (lege
812 641 862 704 tert
875 643 972 721 χειμ.)
996 641 1174 722 εἰρημένην,
1199 636 1253 701 διό
1271 640 1329 699 καὶ
1339 644 1397 699 τῶν

273 731 508 811 προμνιοστικοῑν
531 728 564 788 oi
581 732 715 789 altiores
733 728 784 791 lai
806 731 868 788 sair
891 724 967 789 sorel
988 722 1061 799 τοός
1076 724 1214 807 ὄμβρους
1235 718 1397 805 σταγόνων

273 816 420 895 εἰρῆσθαί
435 831 510 886 φασι
521 808 575 885 τά“ς
588 810 749 893 ιιέμφιγας.
783 810 802 873 ό
816 810 849 873 δὲ
868 815 1057 891 Καλλίμαχος
1072 806 1147 897 pile·
1171 807 1237 885 Μὴ
1254 810 1312 871 oret
1325 832 1397 887 πεμ-

273 902 374 981 φλγων
393 897 416 941 *l
430 891 591 977 ἒνόγοοσιν
607 897 649 959 ἔα.
680 898 697 961 ό
712 895 746 960 δὲ
762 892 929 977 Εὐφορίων
944 894 1055 969 οὕτως·
1077 893 1142 958 εἶπε
1158 892 1194 957 ‹l’
1208 894 1303 974 ἄνθη
1324 894 1395 974 πέμ-

273 1009 360 1063 φιγες
382 978 571 1062 ἔκιτρόζονσι
585 977 731 1045 θανόντα.
776 982 886 1042 Versus
907 993 950 1042 est
963 983 1165 1056 hexametrus,
1190 982 1238 1043 Εἰ
1251 980 1396 1055 natarat,

271 1072 320 1130 vel
337 1066 498 1130 Ηιιεόαναλ
523 1067 669 1147 ιιέμφιγις
684 1064 870 1147 ἕτιιτρόζουσι
884 1064 1029 1131 θανόντα.
1072 1068 1093 1127 i.
1107 1089 1134 1128 e.
1150 1086 1315 1125 murmure
1335 1086 1393 1124 sao

272 1156 357 1235 quasi
370 1152 526 1212 lamentari
536 1153 687 1216 videntur.
717 1154 816 1212 Possis
831 1155 917 1213 etiam
934 1156 1041 1232 legere,
1063 1148 1270 1223 ἐπικλύζουσα
1299 1151 1392 1223 Quod

272 1239 312 1299 ad
325 1244 484 1317 Σαλαμῖνα
496 1232 655 1317 Σατύρους
669 1239 783 1313 attinet,
807 1240 892 1317 cujus
905 1242 999 1317 gratia
1013 1247 1127 1297 caetera
1143 1238 1390 1309 emendatiorum

270 1346 359 1385 nemo
383 1344 431 1382 me
446 1321 621 1397 adduxerit,
642 1333 678 1382 ut
691 1323 817 1381 verbum
843 1326 950 1385 mendo
972 1344 1034 1383 esse
1056 1342 1186 1382 vacuum
1205 1324 1390 1382 existimem.

270 1409 439 1489 Aeschylus
463 1407 583 1485 quidem
603 1408 675 1467 iecit
695 1414 868 1489 Σαλαμῖνα,
892 1413 954 1471 sire
968 1410 1167 1487 Σαλαμινίας·
1199 1406 1391 1487 Sophocleae

269 1495 399 1569 fabulae,
421 1512 545 1572 quaeso
560 1494 649 1551 titulo
663 1494 809 1572 inscripta
823 1496 870 1567 sit,
895 1514 982 1553 nemo
999 1494 1075 1553 alius
1089 1492 1236 1552 meminit.
1286 1492 1389 1551 Ausim

265 1600 327 1660 pro
343 1589 427 1638 certo
441 1577 542 1634 dicere
556 1577 717 1635 lectionem
737 1590 851 1636 rectam
871 1597 935 1639 esse
957 1582 1116 1657 Σαλμωνεῖ
1134 1575 1308 1661 Σατύροις.
1330 1578 1391 1637 He·

270 1663 390 1745 tychius
402 1663 467 1723 bis:
491 1664 656 1738 Σοφοκλῆς
673 1664 843 1737 Σαλμωνεῖ.

435 1747 574 1819 Quatuor
587 1742 640 1803 hic
654 1744 792 1804 invectus
807 1746 903 1826 equis,
925 1754 954 1805 et
969 1742 1107 1824 lampada
1123 1764 1284 1822 quassans,

433 1832 491 1891 Per
505 1827 629 1888 Grairlm
644 1829 791 1910 populos,
814 1830 988 1909 mediasque
1002 1849 1055 1909 per
1069 1830 1162 1889 Elidis
1179 1830 1294 1889 urbem

432 1914 499 1973 Ibat
516 1934 626 1990 ovans,
648 1914 811 1993 dirumque
825 1916 881 1974 sibi
901 1916 1043 1995 poscebat
1060 1915 1219 1991 honorem,

432 1998 575 2059 Demens!
607 1999 658 2077 qui
674 1999 792 2059 nimbos
806 2011 837 2061 et
850 2020 911 2059 non
922 2001 1066 2060 imitabile
1081 2001 1197 2059 fulmen

432 2085 508 2143 Aere
515 2096 530 2159 ,’
555 2094 585 2144 et
600 2085 796 2165 cornipedum
810 2087 902 2165 pulsu
916 2086 1072 2145 simularet
1087 2106 1248 2165 equorum.

267 2168 422 2230 Hactenus
438 2170 559 2247 quidam
583 2180 791 2247 argumentum
817 2181 862 2230 est
879 2173 993 2250 Satyris
1008 2181 1130 2250 aptum,
1154 2182 1184 2229 et
1202 2168 1385 2230 conveniens

268 2254 309 2315 ad
328 2253 452 2313 hilarem
467 2265 497 2314 et
512 2254 621 2313 sestam
631 2254 729 2315 'diem
774 2256 841 2315 Huc
854 2274 975 2335 quoque
993 2258 1159 2334 fragmenta
1174 2257 1229 2315 illa
1242 2254 1386 2315 videratur

265 2340 434 2419 pertinere3
458 2359 534 2415 quae
546 2339 641 2399 rerba
656 2351 725 2398 sant
737 2342 906 2423 cujuspiam
921 2342 972 2421 qui
988 2342 1085 2401 facete
1099 2352 1130 2402 et
1145 2342 1266 2403 urbane
1283 2342 1386 2402 irridet

263 2422 433 2504 jocularem
447 2424 531 2483 illam
543 2425 664 2484 Simiam
677 2426 836 2486 Tonantis:

600 2509 663 2572 Kal
683 2506 754 2591 τάχ’
783 2506 823 2574 όν
851 2504 1007 2595 Κεραύνια

474 2591 611 2675 Hippus
632 2598 762 2673 βροντῆς
785 2596 837 2658 καλ
858 2599 1023 2677 δυσοσμίας
1043 2590 1142 2678 βόλον.

599 2675 716 2738 Forsan
737 2694 766 2739 et
783 2696 860 2763 petet
886 2682 1033 2741 Ceraunia

476 2758 575 2822 Odore
595 2776 670 2825 retro
690 2778 719 2822 et
738 2767 769 2823 οἱ
791 2788 915 2827 corusca
928 2765 1086 2855 fulminis.

169 2850 196 2901 0
212 2850 248 2904 60
264 2844 303 2905 Et
316 2843 397 2905 illud
411 2844 554 2906 alteratos
611 2872 619 2891 ·

168 2918 195 2972 V
210 2920 244 2974 ³¹
518 2930 654 3013 Πέμφιμι
675 2935 778 2995 πᾶσαν
799 2930 876 3011 ὄψιν
898 2930 1013 3019 ἆγγέλφ
1034 2929 1139 3018 ιινρός.

470 3013 581 3076 Nimbo
604 3038 659 3075 ora
680 3020 784 3076 velans
807 3020 916 3080 nuncio
938 3022 1071 3082 tonitrui.

265 3096 367 3177 Atque
388 3096 549 3178 hucusque
566 3100 733 3180 Sophocles
756 3104 787 3162 in
808 3122 844 3163 eo
865 3103 1002 3163 dramate
1026 3104 1192 3183 precessit:
1221 3128 1294 3168 nam
1310 3128 1383 3188 quse

263 3194 448 3331 reordinatur,
482 3186 574 3265 plane
596 3188 711 3267 tragice
733 3195 820 3264 sunt,
854 3198 884 3249 et
906 3190 1089 3251 lamentabili
1115 3192 1256 3255 carmine
1279 3194 1383 3276 deplo-

262 3289 318 3330 raa
340 3292 367 3330 a.

426 3353 468 3415 At
480 3364 568 3435 pater
581 3357 768 3438 omnipotens
784 3358 876 3418 danea
890 3359 971 3419 inter
984 3360 1088 3422 nubila
1101 3361 1199 3423 telum

428 3441 600 3519 contorsit,
623 3446 703 3519 (non
715 3445 769 3504 ille
786 3446 885 3519 laces,
907 3466 965 3504 neo
976 3447 1074 3504 taurea
1088 3447 1187 3507 taedis

426 3524 574 3607 Lumina)
599 3529 854 3608 praecipitemque
868 3530 992 3589 immani
1005 3532 1124 3591 turbina
1142 3532 1258 3611 adegit.

261 3604 301 3664 Et
314 3604 392 3667 baec
409 3610 530 3688 quidem
552 3614 725 3693 conjectura
741 3614 891 3694 probabili
911 3616 1065 3677 nituntur:
1088 3618 1141 3676 sed
1155 3629 1244 3678 extre
1260 3630 1382 3679 contro

261 3693 391 3753 versiam
412 3714 476 3753 rem
498 3699 603 3757 statuit
621 3697 792 3761 Athenaeus
810 3700 862 3758 lib.
878 3720 922 3764 ιιι.
943 3706 1086 3764 Kairiana
1107 3702 1142 3764 δὲ
1164 3700 1268 3782 μα’νης
1282 3707 1334 3767 καὶ
1350 3702 1382 3767 τό

260 3774 312 3839 ἐπὶ
330 3774 478 3859 κοττάβου
500 3781 678 3862 ἐφεστηκός,
711 3778 772 3862 ἀφ’
794 3776 833 3847 οὗ
856 3785 934 3863 (leg.
960 3782 1013 3864 ἐφ’
1037 3779 1096 3867 οὗ)
1118 3785 1173 3861 τοὶς
1197 3786 1332 3872 λάταγας
1351 3790 1383 3852 ἐκ
1444 3792 1445 3807 ³

259 3864 368 3946 παιδιᾷ
382 3862 534 3944 ἔπεμπον,
558 3862 632 3952 όιιερ
649 3866 844 3951 όΣοφοκλῆς
862 3870 895 3933 ἐν
915 3876 1075 3953 Σαλμωνεῖ
1092 3866 1233 3951 χάλκειον
1252 3874 1317 3957 ἔφη
1330 3870 1382 3938 zai·

260 3968 317 4029 ρα,
338 3946 432 4030 λέγων
450 3947 563 4024 οὕτως·

471 4033 516 4097 Τό
537 4031 567 4098 δ’
588 4036 650 4100 ἔστι
669 4036 792 4119 κνισμός
813 4036 865 4103 καλ
885 4035 1065 4121 φιλημάτων
1084 4036 1200 4123 ψόφος,

422 4186 429 4195 ,
472 4124 521 4204 Τῷ
540 4127 822 4203 καλλικοτταβοῦντι
842 4122 1003 4208 νικητήρια

470 4209 601 4285 Τι’θημι,
623 4209 675 4270 καλ
696 4205 821 4290 βαλόντι
839 4206 980 4289 χάλκειον
999 4204 1089 4291 κόρα.

259 4284 322 4346 lam
337 4286 481 4370 sipotea,
503 4291 623 4371 dubita,
645 4315 684 4371 ιιι
706 4295 994 4376 dramaSatyricum
1010 4298 1103 4359 suerit
1116 4318 1222 4363 necne.
1270 4300 1376 4361 Prole-
1443 4354 1444 4403 p
