2950 4817
237 243 300 338 viu
662 253 950 343 murano.

238 432 367 531 rrdxov
394 424 616 532 Koiopoiroc
651 437 687 507 lu
717 440 885 531 opusculo
909 436 988 516 MS.
1015 436 1200 511 mouent
1231 429 1358 509 lefoliit

236 542 430 613 Bentleium
453 541 609 635 Epistola
634 540 679 611 ad
706 540 852 613 Mutum
871 564 907 635 p.
930 541 965 612 8.

313 645 486 714 Hactenus
522 644 566 713 de
594 642 734 719 Malaia.
786 644 902 720 Editio
934 654 1048 717 nostra
1081 666 1187 736 quum
1218 644 1356 736 integra

236 748 384 823 reddere
410 748 552 825 deberet
569 770 657 837 quae
683 758 876 823 annotasset
889 746 1120 837 Glrilmeadus‚
1144 768 1209 817 nec
1233 748 1356 815 fereu-

238 850 320 927 dum
345 851 515 922 videretur
539 851 591 919 bis
618 852 718 921 etiam
748 852 876 945 apponi
897 861 948 921 tot
979 852 1223 921 levissimorum
1258 872 1357 918 men-

239 956 360 1025 dorum
377 955 613 1041 correctiones,
637 977 704 1048 ego
720 959 949 1025 mentiones
969 957 1041 1024 eius
1054 955 1245 1047 dispertitus
1259 954 1356 1021 bila-

199 1126 205 1139 ,
237 1060 321 1131 riam
346 1080 422 1127 sum
435 1058 492 1144 ita,
517 1068 555 1126 ut
579 1059 662 1126 meis
677 1060 862 1129 insererem
876 1082 961 1150 quas
982 1058 1081 1132 utiles
1103 1058 1149 1134 ad
1174 1056 1273 1124 crisin
1285 1056 1357 1124 du-

239 1179 370 1248 cerem,
395 1170 545 1261 caeteras
571 1161 617 1235 ad
642 1162 772 1231 calcem
795 1164 993 1256 relegerem
1045 1162 1128 1256 lpse
1152 1182 1242 1250 quae
1267 1162 1355 1227 scri-

237 1264 341 1333 bendi
369 1264 449 1341 vitia
468 1264 663 1335 viderentur
689 1267 821 1335 correrd
851 1274 910 1334 aut
933 1266 1068 1335 notari:
1101 1286 1205 1355 saepe
1237 1270 1355 1331 autem

236 1366 437 1463 ambiguum
463 1390 538 1437 csse
564 1390 652 1457 quae
672 1368 829 1460 librario,
857 1388 947 1459 quae
977 1370 1044 1462 ipsi
1067 1367 1266 1459 imputanda
1286 1367 1355 1435 sint

236 1472 295 1545 tali
334 1470 509 1568 scriptori,
550 1481 674 1572 sponte
717 1473 923 1565 intelligitur.
988 1471 1194 1541 Putuatam
1233 1469 1352 1536 homi-

237 1574 286 1644 nis
319 1598 383 1667 per
415 1583 528 1668 partes
560 1575 689 1664 aliquot
721 1598 863 1644 censura
901 1597 963 1645 sua
995 1574 1151 1667 dignatus
1170 1581 1223 1643 ert
1240 1571 1354 1643 Bent-

237 1679 337 1761 leius‚
364 1700 501 1747 omnem
526 1679 636 1751 refelli
658 1700 761 1747 nemo
786 1679 885 1748 ferat.

312 1780 428 1859 Editio
445 1778 645 1851 Oxoniensis
668 1804 775 1871 quum
799 1791 870 1849 tam
895 1782 937 1849 sit
954 1778 1167 1873 negligenter
1185 1781 1354 1872 impressa

237 1892 275 1953 ut
307 1884 457 1977 integros
490 1906 605 1953 versus
642 1884 782 1953 omissos
816 1884 944 1975 prodat
973 1883 1205 1975 interpretatio
1230 1883 1355 1952 Latina

238 2010 272 2080 p.
300 1985 387 2057 1⁰8.
407 1996 442 2055 et
456 1983 560 2074 1454
583 1987 871 2080 operaepretium
888 1988 1038 2057 facturus
1053 1986 1095 2055 ait
1111 1985 1171 2074 qui
1189 1986 1265 2055 libri
1277 1986 1354 2055 Ba-

237 2092 384 2168 rocelanl
408 2090 530 2159 iterum
552 2090 748 2167 conferendi
768 2090 921 2159 laborem
942 2091 1114 2181 suscipere
1139 2090 1223 2157 tanti
1243 2099 1353 2180 putet.

237 2191 327 2261 Mihi
358 2192 446 2262 lraee
481 2194 582 2263 etiam
614 2194 700 2261 ratio
730 2194 794 2261 fuit
826 2216 895 2262 non
920 2192 1116 2287 tangendae
1147 2192 1355 2284 iuterpreta-

159 2344 165 2359 ,
237 2296 335 2367 tionis
354 2295 565 2381 Chilmeadl‚
600 2318 689 2385 quae
714 2318 805 2393 nunc
838 2296 965 2365 codicis
990 2298 1092 2364 instar
1117 2304 1178 2363 est.
1231 2296 1355 2362 Abieci

238 2420 320 2467 vero
346 2420 432 2490 quos
457 2400 589 2469 Hodius
616 2399 794 2473 addiderat
822 2397 954 2470 indices
979 2398 1193 2487 Scriptorum
1218 2405 1254 2463 et
1279 2396 1353 2465 Vo-

240 2522 317 2569 cum
342 2500 603 2592 Dictionumque
628 2503 673 2575 ab
706 2502 889 2591 Ducaugio
920 2500 1119 2567 omissurum
1144 2518 1282 2567 mancos
1316 2509 1353 2568 et

238 2611 377 2690 boues,
407 2605 502 2672 noris
529 2626 647 2670 eorum
666 2605 746 2669 loco
770 2600 964 2669 substitutis.

315 2703 472 2793 Denique
505 2712 701 2777 annotamus
734 2702 914 2775 editionem
941 2700 1170 2772 oxoniensem
1202 2704 1353 2796 prodiis-

239 2826 278 2877 'se
304 2806 433 2899 duplici
463 2807 558 2875 titulo
594 2828 718 2873 annum
755 2803 865 2874 1691.
892 2804 1109 2896 praeferente
1142 2806 1353 2899 inscriptam,

237 2910 295 2978 'eui
307 2911 342 2977 in
354 2908 419 2977 alio
433 2932 504 3000 quo
530 2919 608 2978 utor
625 2908 812 3001 exemplari
833 2910 950 2978 tertius
976 2908 1113 2977 additur
1136 2932 1224 2978 anno
1238 2908 1354 2979 1692.

236 3012 432 3105 insignitum
452 3013 638 3082 'Venetam
679 3014 725 3080 ob
771 3012 927 3087 vitorum
962 3010 1226 3084 multitudinem
1246 3036 1353 3108 pror·-

242 3138 299 3188 sus
323 3114 473 3187 inutilem
499 3138 530 3191 a.
558 3113 671 3189 ltut.

319 3302 520 3375 Scribebam
544 3303 681 3396 Lipsiae
706 3300 818 3371 idibus
836 3298 1044 3373 Octobribus
1069 3302 1354 3379 broccum
