2950 4817
244 279 323 355 746
699 272 907 343 scaram
995 350 998 365 ,

242 468 278 511 re
298 448 458 527 dehemus,
487 470 558 526 cur,
580 448 724 527 obsecro,
757 445 895 533 Ιωᾶννης
918 450 1048 530 dieitur,
1070 472 1132 512 non
1153 446 1285 513 Imaveiv
1303 452 1378 510 Ma-

243 531 343 599 tella?
368 558 436 596 nam
457 538 540 615 Syris
560 546 607 596 est
632 533 810 616 lentunen,
840 548 875 597 ut
901 560 999 599 nxxrr.
1020 540 1095 597 viris
1118 534 1256 599 Ιωονοὶν.
1314 534 1379 593 Sed

244 622 639 699 eecetibiCentacuzeuus‚
662 624 714 702 qui
732 644 763 705 p.
789 625 860 689 874.
882 625 1029 687 Λατίνων
1050 648 1114 697 τις,
1138 624 1199 697 ait,
1224 613 1380 697 Ιωᾶννης

243 701 387 784 Περᾶλτα
407 704 713 790 προσαγορευόμενος.
766 709 848 767 Scias
872 720 972 769 autem
999 710 1031 768 in
1055 717 1182 788 quantas
1210 706 1378 783 angustias

243 792 369 853 adducti
382 804 461 869 sunt,
484 814 553 852 eum
567 792 703 854 homines
717 791 791 873 χθὲς
805 794 857 857 καὶ
871 792 980 877 πρώην
993 790 1154 877 γεγονότας
1170 792 1302 851 saeculo
1320 790 1379 848 de.

242 898 326 937 mum
340 900 407 945 xiv.
430 889 501 959 post
518 878 672 939 Christum
689 890 792 939 natum
807 880 974 940 inveterata
992 883 1052 962 jam
1075 878 1234 956 barbaria,
1259 896 1379 937 musae

242 984 314 1023 suae
330 975 473 1044 patronos
492 964 648 1044 adoptant.
692 968 766 1025 ltem
787 986 858 1024 sane
876 967 1007 1045 lepidum
1030 975 1060 1025 et
1080 965 1229 1045 jocosam.
1279 964 1378 1020 loan-

241 1070 295 1109 nes
309 1049 361 1109 hic
375 1049 585 1109 Antiochensis
601 1051 677 1109 bene
699 1052 814 1111 Graece
831 1052 959 1115 Melita
979 1051 1041 1110 dici
1062 1060 1176 1130 potest,
1202 1049 1279 1127 quia
1294 1048 1376 1105 ltslo

242 1136 363 1195 cuidam
385 1157 494 1196 nomen
516 1147 580 1195 erat
607 1133 759 1195 Giovonm'
783 1134 913 1195 Peralte.
958 1139 1009 1196 Sic
1031 1139 1109 1195 enim
1128 1138 1373 1194 Cantacuzenus

239 1240 272 1301 p.
290 1222 361 1285 174.
386 1217 531 1283 Melissea
545 1220 579 1283 dl
597 1218 751 1294 Ντζιουοῖν
766 1218 907 1303 qua'lro
922 1221 940 1286 o‘
958 1218 1075 1286 τούτων
1088 1215 1225 1304 ἡγεμών.
1275 1220 1373 1277 Grae·

243 1326 298 1365 cus
311 1306 371 1366 iste
387 1318 432 1366 est
446 1328 546 1367 sermo
562 1306 744 1365 hodiernus:
766 1306 808 1365 ita
830 1306 942 1384 giustra
958 1313 1119 1387 τζοῦστρο,
1140 1306 1267 1384 gingiva
1291 1306 1371 1377 τζιν-

242 1393 344 1469 νζίβα,
365 1392 454 1471 jecur
468 1388 657 1473 ντζηγᾶριον.
701 1390 784 1451 Vah!
814 1412 901 1469 qaam
925 1393 1015 1453 velim
1040 1392 1284 1473 progrediantur
1305 1390 1375 1448 lon-

243 1476 330 1553 gius,
353 1486 444 1555 atque
459 1498 517 1535 una
536 1496 626 1555 opera
639 1476 772 1556 probent
787 1472 941 1551 Ντζιονοὶν
955 1476 1084 1537 Matilo
1099 1476 1372 1550 dicendumleases

242 1560 361 1620 facinus
377 1562 430 1640 pol
447 1581 585 1639 magnum
602 1572 631 1621 et
648 1562 844 1621 memorabile
867 1562 1002 1621 fecerint
1045 1561 1125 1620 Illud
1144 1580 1222 1619 vero
1242 1561 1371 1633 durum,

245 1645 329 1723 quod
345 1647 428 1726 apud
446 1644 659 1724 Theophanem
685 1658 733 1706 eet
749 1645 921 1722 Imoirvch
942 1648 1067 1727 ἐπίκλην
1090 1648 1233 1725 Hpoaila.
1280 1644 1372 1703 Nece

244 1728 367 1789 Victore
382 1732 479 1791 solum
501 1738 631 1789 vocatur
646 1728 794 1805 Heinsio,
816 1730 869 1789 sed
884 1732 1041 1791 Anastasio
1062 1731 1168 1806 etiam,
1190 1731 1245 1809 qui
1266 1727 1371 1787 Theo-

243 1814 376 1895 phanem
387 1818 418 1876 in
432 1816 570 1875 Latinum
593 1815 757 1874 convertit:
780 1838 797 1873 a
814 1816 954 1877 Liberato
980 1818 1108 1876 ltiacono
1125 1817 1259 1874 loannes
1275 1816 1369 1889 hlela;
1447 1868 1448 1883 ,

244 1899 303 1958 nisi
317 1902 445 1959 sortasse
461 1893 616 1978 depravati
635 1910 706 1959 sunt
727 1900 857 1962 codices.
899 1903 947 1961 Ex
967 1902 1092 1961 Graecis
1112 1922 1187 1960 vero
1207 1900 1370 1980 scripton'-
1447 1892 1448 1959 l

244 1984 304 2044 hus
323 1986 405 2045 solus
423 1982 623 2063 Theophanes
648 1995 679 2045 et
700 1986 791 2045 semel
815 1988 964 2046 duntaxat
984 1988 1170 2064 cognominis
1195 1987 1263 2064 ejus
1285 2006 1370 2044 mess·
1447 1976 1448 2035 ἶ

245 2072 357 2130 tioncrn
376 2071 463 2131 facit:
493 2070 618 2129 caeteris
647 2071 827 2149 simpliciter
848 2074 977 2131 loannes
1002 2084 1150 2139 vocatur,
1185 2069 1370 2149 Nic-ephoro

146 2161 173 2214 0
191 2160 227 2215 88
243 2155 456 2231 patriarchae,
491 2154 665 2234 Nicephoro
700 2158 841 2231 Callist03
883 2158 964 2217 sicut
993 2166 1023 2217 et
1049 2156 1174 2216 Leontio
1202 2157 1366 2235 Byzantio,

245 2242 458 2318 Chronicoque
481 2242 637 2301 Orientali.
688 2242 758 2315 Quo
781 2242 874 2321 magis
897 2244 1049 2319 adducor,
1078 2254 1113 2301 ut
1133 2243 1284 2302 vitiosum
1304 2261 1367 2299 esse
1447 2284 1448 2311 2

241 2328 321 2388 illud
341 2328 467 2386 verbum
491 2327 678 2402 existimem5
710 2338 740 2386 et
758 2328 850 2403 istum
873 2331 1004 2409 apicem,
1040 2330 1092 2408 qui
1113 2328 1146 2386 in
1166 2328 1255 2386 libris
1281 2326 1365 2384 MSS.
1447 2332 1448 2335 ’

242 2412 485 2473 terminationem
505 2436 542 2485 ας
564 2413 682 2489 signare
704 2413 798 2487 solet,-
823 2415 859 2472 ab
881 2415 1049 2491 indiligenti
1070 2414 1196 2472 librario
1215 2422 1366 2470 mutatam
1447 2462 1448 2465 ,

242 2518 309 2558 esse
322 2500 370 2556 vel
390 2498 644 2577 praetermissum.
688 2496 867 2557 Praesertim
888 2522 958 2560 cum
976 2510 1083 2558 cuncta
1104 2498 1137 2557 id
1154 2518 1250 2573 genus
1268 2498 1366 2555 nomi·
1447 2562 1448 2567 ἵ

241 2604 281 2644 na
299 2593 419 2663 practer
433 2582 493 2641 hoc
511 2602 604 2642 unum
620 2583 657 2642 ab
679 2583 747 2663 ipso
771 2582 957 2663 Theophane
978 2604 1034 2663 per
1056 2608 1092 2656 ος
1116 2584 1210 2642 scribi
1227 2584 1365 2653 videam3

244 2668 385 2747 Αρέθας,
424 2670 570 2744 Amitae,
607 2668 800 2748 Μασοὶλμας,
837 2666 1036 2751 Αβονλάβος,
1076 2670 1265 2743 Κοντζίνας,
1306 2668 1365 2725 alia

239 2754 476 2832 quamplurima.
520 2753 623 2833 ltaque
640 2753 698 2813 hoc
710 2756 743 2813 in
761 2756 847 2831 loco,
870 2767 904 2815 ut
920 2776 984 2816 mea
1000 2756 1061 2813 sert
1077 2756 1196 2832 opinio,
1221 2755 1306 2811 lacta
1321 2762 1365 2811 est
1447 2750 1448 2799 ἓ

244 2838 422 2919 Theophani
439 2838 562 2919 injuria.
604 2840 682 2913 Nee,
705 2840 789 2919 quod
809 2842 980 2901 Anastasius
996 2850 1027 2901 et
1040 2840 1146 2897 Victor
1158 2836 1299 2897 Hemulu
1312 2839 1367 2895 La-

242 2926 307 2984 tine
319 2936 513 3004 nuncupant,
532 2944 595 2982 non
614 2921 784 3005 Hemuloa3
813 2928 905 3005 magis
919 2929 951 2987 id
968 2946 1136 3004 quenquam
1162 2943 1293 2985 movere
1315 2923 1367 2983 de·

243 3010 311 3087 bet,
335 3030 424 3087 quam
443 3008 525 3087 quod
541 3011 631 3068 Attila
645 3032 661 3067 a
677 3010 788 3070 Latiaris
801 3013 928 3089 dicitur,
951 3012 1003 3090 qui
1020 3012 1139 3070 Graecis
1161 3022 1208 3069 est
1225 3012 1365 3081 Attilam

242 3096 319 3157 Nam
336 3096 494 3175 peregrina
511 3094 692 3175 ejuscemodi
710 3100 831 3156 uonrina
849 3099 956 3157 Graeci
970 3098 1127 3175 Latinique
1143 3096 1245 3153 neutri
1270 3094 1311 3153 ab
1322 3096 1365 3152 al·

242 3182 331 3253 teris,
357 3180 409 3240 sed
426 3181 462 3238 ab
476 3182 549 3261 ipsis
566 3182 706 3241 Barbaria
721 3185 843 3263 utrique
858 3192 1049 3263 acceperunt.
1094 3182 1171 3239 Toto
1184 3182 1285 3259 igitur
1299 3200 1365 3238 eoe-

241 3268 274 3329 to
290 3268 403 3327 erravit
419 3266 607 3339 Priscianus,
630 3288 699 3326 cum
717 3268 812 3328 Turia
837 3280 867 3329 et
886 3266 1035 3349 Bagrada
1055 3266 1199 3345 (Africae
1220 3276 1296 3325 sunt
1310 3268 1365 3323 ista

240 3353 388 3430 flumina)
410 3352 555 3412 declinari
567 3362 683 3433 putata
703 3358 833 3433 Τουρίας
850 3364 880 3413 et
897 3350 1062 3433 Βαγράδας.
1107 3354 1133 3411 Α
1147 3352 1276 3411 Graecia
1297 3352 1367 3428 qui-

242 3439 311 3498 dem
327 3434 436 3519 Ιόβος,
461 3440 609 3518 Mastane
630 3449 661 3499 et
674 3435 797 3521 Βάρκος
816 3450 887 3499 suast
907 3440 999 3514 dicti,
1021 3438 1073 3516 qui
1100 3460 1118 3497 a
1140 3438 1256 3495 Latinis
1277 3437 1364 3511 luha,

241 3524 387 3603 Micipsa,
415 3526 522 3584 Barca.
569 3524 632 3583 Nec
651 3534 753 3584 tamen
774 3524 849 3585 haec
873 3546 948 3605 quae
969 3525 1108 3605 proxime
1128 3522 1305 3598 nominavi,
1327 3522 1365 3579 de

242 3610 369 3669 Graecia
387 3615 483 3689 petita
507 3620 591 3686 suut3
622 3609 676 3669 sed
697 3630 737 3670 ex
756 3612 860 3671 Airica
882 3620 964 3672 recto
986 3611 1091 3670 itinere
1113 3608 1277 3688 deportata
1294 3618 1366 3666 sunt

239 3695 413 3757 inltaliam.
459 3696 541 3769 Quid
563 3696 658 3768 enim,
687 3716 756 3755 cum
779 3698 823 3755 illi
847 3698 1003 3775 Αμίλκας,
1031 3696 1169 3776 Αννίβος
1190 3694 1364 3773 proferunt,
1447 3760 1448 3763 Ἴ

238 3778 272 3840 hi
287 3780 440 3840 Hamilcar
454 3792 485 3841 et
499 3782 665 3849 Hannibal;
688 3801 749 3841 uon
769 3782 845 3859 signi
866 3782 927 3841 hoc
949 3782 1018 3841 eatis
1039 3792 1099 3854 est,
1125 3780 1207 3839 unde
1231 3790 1365 3856 utraque

241 3878 312 3927 sunt
325 3866 490 3927 accersita‘l
514 3870 626 3947 Nempe
641 3866 675 3926 hi
690 3869 855 3929 masculina
877 3869 998 3927 nomina
1015 3866 1154 3925 Africana
1170 3868 1201 3923 in
1223 3864 1366 3923 Aliben-

29 3957 30 3974 l
144 3951 223 4011 Vlss
240 3963 286 4013 ter
303 3952 490 4029 retinebant;
514 3956 702 4013 Graecorum
724 3974 811 4015 aures
835 3964 980 4033 tanquam
1001 3951 1112 4012 absona
1132 3962 1162 4011 et
1178 3950 1365 4009 inconcinna

238 4038 449 4119 repudiabant
471 4039 530 4099 Sed
547 4050 582 4099 ut
597 4038 761 4099 concedam
782 4038 858 4099 illud
873 4042 1003 4121 Ημοῦλο
1022 4060 1039 4096 a
1054 4036 1240 4117 Theophane
1260 4036 1365 4115 profe·

204 4137 210 4151 “
240 4136 325 4185 otum
341 4144 419 4185 asse:
441 4144 504 4183 non
526 4146 582 4203 ego
604 4124 787 4185 Monachum
807 4127 939 4205 aliquem
955 4124 1098 4184 adversus
1124 4124 1259 4181 omnium
1274 4130 1364 4179 auto-

240 4212 363 4271 ritatem
378 4211 553 4286 magistrum
566 4208 688 4270 die'eadi
700 4232 810 4291 capere
828 4211 937 4287 velim3
958 4211 1011 4270 sed
1033 4208 1118 4267 illurn
1139 4209 1240 4287 ipsum
1258 4206 1297 4265 ad
1312 4226 1364 4264 na-

240 4298 332 4358 tionis
346 4317 417 4357 euae
431 4297 621 4379 exemplum,
644 4297 724 4359 addo
742 4298 952 4374 etiamnum,
975 4314 1167 4377 componere.
1213 4292 1269 4353 Vir
1283 4294 1362 4352 mul-
