2950 4817
256 289 331 362 ooo
783 231 989 353 isnin

421 461 497 522 Hsu
511 457 638 535 ζαθέους
647 454 744 535 noodr
754 457 929 542 motando,

423 540 487 618 Οὓς
501 540 668 628 αὐθιγενής
680 551 832 626 τμηθεῖσα
852 546 973 627 soor«)

420 627 592 712 Στεγανοῦς
605 631 725 712 παρέχει
739 627 872 715 Χαλῦβῳ
883 631 1015 709 πελέκει,

419 714 485 777 Καὶ
499 716 685 802 τααροὸέτρῳ
696 717 736 794 b)
758 721 884 795 κραθεῖ·

420 795 464 862 Σ’
478 795 664 884 α’τρεκοῦςο)
687 797 804 884 αἷρμοῦς
822 801 1021 886 κυπαρίσσου.

288 919 302 950 ⁸
341 913 483 973 Erotiauns
501 915 619 983 dosoo'r,
638 923 713 971 vetus
731 915 821 971 Editio
838 918 983 989 Porphyrii
1000 915 1094 986 dorric.

287 983 300 1020 θ
339 985 436 1056 Porpb.
452 987 611 1058 τααααδέτφ
626 985 767 1056 πρηθεῖθ.
793 987 869 1041 Erot-
885 987 1023 1064 sopottrp
1035 985 1192 1058 sottnbrtr.

287 1049 328 1116 θ)·
339 1057 437 1125 Porph.
455 1062 588 1124 Arosartc.
622 1057 699 1110 Erot
719 1056 845 1128 olrpmste
858 1052 959 1127 dppc'c.

254 1146 341 1220 Quae
353 1145 397 1208 ita
410 1145 505 1206 vertit
518 1147 562 1212 el.
576 1145 714 1208 Grotius:
861 1161 865 1168 ’

163 1220 185 1275 V
203 1219 237 1276 15
420 1231 509 1290 Sacra
525 1230 652 1291 advenio
666 1231 778 1312 templa
791 1232 983 1312 relinquens:

419 1313 502 1389 Quas
515 1317 614 1398 prisca
628 1316 735 1376 domos
750 1317 834 1378 dedit
845 1318 986 1396 indigena

417 1401 557 1474 Quercus
574 1401 708 1482 Chalybs
721 1405 803 1463 s'ects
816 1402 957 1484 bipenni,

416 1485 569 1566 Taurique
584 1487 641 1547 sibi
656 1489 770 1566 glutine
781 1488 910 1570 jungens

417 1570 460 1632 lis
475 1591 546 1631 vera
561 1572 642 1648 tigna
657 1593 813 1652 cupressu.

252 1653 341 1715 Haud
359 1653 403 1714 ita
424 1655 525 1716 tscsrs
546 1656 633 1716 debet
654 1659 708 1740 qui
728 1657 904 1736 interpretis
925 1673 1049 1716 munere
1068 1655 1219 1734 fungitur.
1269 1653 1377 1714 Nol‘un

252 1759 322 1800 eum
341 1741 374 1798 in
393 1742 519 1802 caeteris
540 1740 660 1821 scriptis
684 1741 790 1802 eodem
809 1741 902 1800 modo
919 1742 1137 1818 indiligentem.
1177 1737 1273 1799 Unde
1290 1742 1375 1800 enim

250 1823 344 1904 ὁρμαὶ
357 1835 429 1885 sunt
440 1825 549 1906 tigno?
570 1827 643 1904 quid
658 1826 714 1884 ista
731 1827 790 1885 sibi
805 1827 874 1885 vult
887 1847 956 1886 vero
979 1826 1162 1905 cupressus?
1183 1827 1250 1883 Gur
1267 1836 1374 1904 spreta

248 1921 294 1969 est
310 1911 431 1986 vulgata
447 1910 609 1992 Porphyrii
629 1911 719 1970 lectio
734 1906 893 1990 ἆταεκεῖςΐ
922 1912 984 1970 Cur
1002 1911 1136 1970 Erotiani
1155 1909 1312 1970 autoritas
1323 1929 1373 1970 re·

247 1993 391 2074 pudiats,
415 1997 466 2073 qui
480 1997 582 2055 locum
595 1995 678 2054 hunc
692 1997 761 2056 ideo
772 1997 894 2073 citavit,
915 2006 951 2056 ut
965 1995 1137 2056 ostenderet
1157 1990 1300 2075 ἆτραεῖς
1314 1993 1372 2076 cip-

248 2074 307 2158 μᾶς
329 2099 389 2138 non
408 2081 575 2158 significare
598 2077 726 2160 ἀληθεῖς
744 2103 845 2158 onor,
875 2080 930 2140 sed
952 2075 1103 2162 ἆκριβεῐς,
1132 2094 1239 2139 amas
1256 2100 1371 2160 nempe

247 2177 275 2222 er
292 2177 419 2223 exactor
436 2187 599 2248 compages.
641 2167 715 2248 Ejus
735 2166 832 2226 verba
848 2175 919 2226 sunt
937 2164 1028 2225 baec:
1050 2163 1114 2226 Kal
1133 2158 1318 2246 Edpsuldpc
1333 2166 1370 2227 ἐν

247 2249 355 2354 Iflrspl
370 2247 445 2354 (leg.
463 2248 582 2358 Kopai)
600 2272 705 2331 φησιν,
717 2255 807 2362 PHispo
823 2251 1020 2357 {uptpog'stu
1043 2248 1208 2354 collobiis
1228 2245 1368 2349 dtpeaes‘c

245 2331 907 2498 un{runiilduinum
920 2336 1368 2499 tgr*

245 2519 422 2582 perperam,
447 2498 514 2566 ἀλλ’
532 2498 673 2588 α’τρεκεῖς.
717 2507 863 2587 Apageais
878 2515 978 2565 autem
997 2506 1161 2564 barbaram
1174 2505 1254 2564 illud
1271 2517 1304 2565 et
1317 2527 1365 2565 so-

148 2583 174 2636 0
191 2583 227 2636 26
244 2587 363 2646 loecum
376 2588 578 2677 ταυροδὲτρςα,
601 2611 661 2673 quo
678 2593 773 2651 verbo
789 2591 892 2651 nullus
907 2609 1039 2670 unquam
1062 2591 1196 2669 scriptor
1213 2599 1263 2650 est
1280 2611 1362 2665 usus,

245 2681 299 2732 aut
312 2693 367 2753 per
382 2674 548 2752 analogiam
565 2677 612 2736 uti
630 2678 755 2758 poterit.
800 2676 882 2750 Quin
899 2676 989 2736 etism
1014 2684 1044 2735 et
1063 2675 1169 2735 versui
1186 2677 1362 2735 consultam

245 2759 393 2837 oportuit.
438 2759 514 2832 Quis
527 2761 622 2836 enim,
645 2761 697 2840 qui
716 2782 779 2821 non
796 2762 983 2840 negligenter
1000 2760 1034 2820 in
1046 2759 1095 2820 his
1109 2760 1208 2820 literis
1224 2769 1361 2821 ver-satu

244 2852 306 2918 est,
333 2843 411 2902 illud
432 2847 553 2902 omnino
568 2845 697 2926 probare
718 2847 817 2925 possit
840 2847 904 2908 Καὶ
918 2844 1105 2931 taupodtrpp
1120 2851 1240 2926 ιραθεῖ
1253 2880 1296 2892 -
1309 2879 1360 2922 -,

244 2927 406 2988 dimetrum
425 2929 541 2988 scilicet
557 2929 868 3010 brachycatalectum‚
892 2940 928 2990 ut
944 2932 1082 3011 proxime
1099 2941 1170 2990 ante
1188 2934 1361 3010 paroemia-

245 3031 314 3070 cum
329 3013 439 3074 veniat.
483 3013 606 3075 Affirmo
622 3017 687 3074 tibi
707 3017 856 3076 neminem
876 3035 972 3075 nnuns
987 3017 1144 3095 Tragicuns
1166 3017 1360 3076 Comicnmrs

243 3099 276 3158 in
291 3119 325 3156 oo
339 3097 408 3158 loco
422 3097 480 3158 hoo
494 3109 623 3160 metrum
640 3101 799 3174 adhibero;
820 3099 917 3160 multo
934 3101 1023 3161 etiam
1045 3102 1160 3177 minus,
1183 3102 1270 3180 quod
1284 3104 1358 3162 Pso-

241 3183 315 3242 tiani
339 3183 488 3264 scriptura
509 3186 665 3247 constituit
688 3187 750 3248 Καὶ
768 3184 938 3271 τααραδὲτῳ
954 3188 1124 3268 αολληθείς.
1167 3186 1253 3260 Quid
1275 3186 1359 3266 qnod

241 3287 281 3329 ne
302 3268 334 3328 in
361 3269 473 3330 Latinis
496 3271 617 3352 quidem
637 3271 763 3352 legitimi
784 3281 856 3331 sunt
883 3273 1025 3332 numeri?
1052 3273 1243 3331 insecundo
1266 3291 1359 3332 versu

240 3375 317 3437 qrccs
335 3355 438 3436 prisca
459 3353 565 3416 domos
591 3354 673 3416 dedit
694 3353 836 3437 indigena
860 3356 1033 3438 tribrachyn
1052 3367 1096 3418 est
1113 3359 1184 3416 loco
1201 3357 1358 3437 anapaesti

238 3439 292 3499 vel
312 3440 518 3520 cujuscunque
540 3441 627 3522 pedis
653 3452 785 3521 quatuor
805 3450 986 3522 tempomm.
1038 3443 1130 3516 Quod
1149 3442 1257 3502 vitium
1276 3463 1357 3501 com·

238 3543 329 3583 mune
347 3527 454 3591 Grotio
475 3535 519 3585 est
541 3547 609 3586 cum
630 3527 689 3588 Jos.
708 3525 874 3605 Scaligero,
900 3527 983 3590 Flor.
1001 3527 1189 3600 Christiano,
1218 3528 1354 3606 aliisque,

238 3609 349 3688 opinor
360 3611 498 3670 omnibus
513 3613 565 3691 qui
578 3613 698 3676 saeculo
711 3609 772 3672 hoo
785 3622 816 3671 et
828 3613 985 3691 superiore
997 3615 1048 3674 vel
1062 3613 1245 3691 Tragoedias
1262 3615 1356 3672 Grae·

193 3713 199 3724 ¹
238 3713 289 3751 cac
302 3694 392 3756 latino
411 3705 584 3774 verterunt,
605 3698 656 3756 vel
676 3697 736 3778 ipsi
755 3699 945 3778 scripserunt
966 3719 1077 3759 novasr
1099 3699 1211 3778 quibus
1231 3699 1355 3758 solenne

236 3787 282 3838 est
300 3791 479 3860 anapaestor
498 3801 569 3842 suos
590 3782 720 3863 passim,
741 3781 796 3842 nbi
812 3783 895 3842 nulla
918 3785 1051 3844 clausula
1074 3795 1120 3843 est
1138 3803 1239 3862 neque
1257 3784 1353 3844 inter-

234 3872 395 3946 punctum,
417 3865 563 3927 tribrachi
576 3868 627 3927 vel
643 3867 787 3928 trochaeo
803 3868 852 3927 rel
869 3869 982 3928 cretico
997 3869 1174 3942 ternrinsre3
1197 3869 1248 3928 vel
1264 3870 1353 3927 etium

235 3947 352 4025 vocali,
381 3959 434 4010 sut
454 3951 543 4012 litera
565 3953 595 4012 ld
615 3953 718 4029 finire,
738 3973 830 4013 versu
851 3954 994 4033 proximo
1013 3955 1050 4014 ab
1072 3953 1244 4014 aliavocali
1259 3955 1310 4012 vel
1324 3952 1353 4011 ll

232 4031 412 4120 incipiente
456 4037 576 4096 Scilicet
590 4039 676 4097 etiam
694 4037 745 4097 hic
764 4048 798 4099 ut
817 4038 888 4098 alibi
905 4051 1086 4119 postremam
1099 4039 1131 4096 in
1149 4057 1242 4098 versu
1257 4039 1353 4116 sylla-

234 4117 303 4178 bam
325 4113 514 4181 coinin'unbm
537 4143 600 4182 esse
619 4119 854 4185 arbitrabantur.
897 4125 962 4185 Nae
982 4125 1049 4200 isti,
1072 4125 1098 4184 si
1118 4125 1190 4184 olim
1205 4135 1350 4185 sancero

234 4203 350 4264 Graeca
370 4207 419 4266 vul
439 4209 573 4267 thomann
594 4209 663 4268 siuns
683 4209 800 4268 fabulas
819 4207 997 4286 edidissent,
1026 4209 1119 4270 nihilis
1148 4219 1180 4268 et
1199 4215 1350 4291 κλωγμαῖς

236 4307 357 4350 oscena
373 4294 490 4373 explosi
503 4294 640 4364 iniereat.
685 4296 753 4356 Nou
770 4295 848 4358 enim
864 4295 990 4358 Graecis
1007 4306 1043 4358 et
1056 4295 1177 4358 liuentis
1190 4296 1345 4376 1¹⁸me
1446 4370 1447 4407 p
