2950 4817
413 231 436 270 D

249 305 328 382 570
628 295 984 367 ANNOTATIONES.

245 467 1358 644 tusoctoteuchum:protectrice

248 647 302 722 tio,
323 647 355 707 ia
368 641 685 728 provincioeformum
701 640 820 724 redegit.
862 640 966 726 χώραν
979 664 1054 705 vero
1070 642 1165 724 ἅίίην
1180 647 1285 704 forsan
1297 666 1357 706 ro-

248 739 316 808 cat,
338 741 476 808 respectu
492 726 595 787 habito
616 728 655 787 ad
672 727 833 805 Iudaeam,
855 745 933 809 qnae
955 731 1044 790 etiam
1066 753 1083 790 a
1100 729 1301 812 Vespasiano,
1320 731 1357 791 in

247 815 331 876 illam
345 839 362 876 a
375 815 492 875 Nerone
507 815 617 888 misso,
640 812 759 873 tendam
774 815 894 895 penitus
911 813 1034 875 subacta
1048 825 1103 877 est.

336 905 406 982 Peg.
428 904 500 967 957.
525 905 577 964 90.
607 895 727 962 Πόντον
750 898 998 981 Πολεμονιακόν]
1022 904 1085 966 Scr.
1105 897 1355 984 Ποίεμανιατόν.

222 997 225 1008 “
247 985 431 1068 Stephanus,
454 987 485 1045 iri
504 978 638 1059 Πόντος,
662 983 789 1048 ἔσονταί
807 980 928 1060 Πόντος
944 985 1179 1066 Πολεμυνιακός
1197 987 1330 1070 ἐπαρχία.

333 1070 409 1152 Pog.
430 1071 502 1137 257·
525 1075 577 1135 91.
601 1069 699 1150 ἔχαιρε
712 1073 756 1150 τῷ
769 1069 885 1158 Βενίτφ
897 1069 997 1153 μέρει]
1022 1073 1215 1133 Contrarium
1228 1095 1266 1133 ex
1279 1077 1356 1134 Sue-

247 1157 333 1221 tonio
350 1156 452 1233 colligi
469 1175 556 1234 possa
570 1154 708 1230 videtur,
728 1156 788 1218 Tic
807 1161 859 1222 22.

331 1245 410 1322 Pog.
426 1242 499 1306 258.
515 1247 546 1306 9.
569 1245 630 1302 τῶν
645 1237 751 1321 ίερίων
762 1245 822 1302 τῶν
834 1236 985 1324 Ελλήνων
998 1237 1286 1307 κατασκευασάντων
1298 1235 1356 1306 αό-

246 1327 311 1415 spi’]
333 1325 397 1386 Imo
412 1325 488 1386 nihil
500 1325 615 1385 minus:
638 1325 709 1385 vide
721 1325 907 1386 Suetonium.

334 1417 407 1493 Pug.
431 1413 504 1478 258·
527 1417 557 1477 7.
581 1405 624 1473 τόν
638 1407 784 1473 ίνιαντοῖν
798 1407 879 1492 gest]
899 1411 945 1472 lta
958 1411 1049 1472 etiam
1063 1411 1134 1473 Chr.
1146 1413 1234 1475 Alex.
1248 1433 1358 1474 verum

246 1516 392 1557 numerus
404 1498 436 1558 in
457 1504 587 1575 utroque
600 1495 777 1555 mendosus:
801 1499 899 1565 duno,
911 1497 992 1557 enim
1012 1499 1119 1557 aetatis
1139 1518 1211 1558 suae
1225 1519 1358 1560 mine

245 1582 327 1644 rivis
342 1585 471 1642 excessit
483 1581 581 1660 Nero,
599 1589 677 1641 teste
691 1582 843 1645 Suetonio.

330 1666 405 1750 Peg.
427 1669 498 1733 958.
524 1672 574 1731 10.
602 1661 825 1748 γρυπόρνγχος]
846 1666 1028 1728 vocabulum
1047 1669 1179 1728 norum!
1200 1667 1280 1729 sorte
1301 1689 1356 1727 sn·

246 1759 316 1812 ctor
330 1750 499 1832 scripserit,
520 1745 734 1830 ηρνπιόνυχοςς
756 1751 860 1831 itaqua
876 1751 1013 1830 re‘ddidi,
1036 1775 1148 1835 urgues
1169 1751 1280 1813 habens
1294 1752 1357 1812 ad-

245 1858 354 1898 uncos.-
375 1837 403 1897 ei
423 1835 491 1916 quis
508 1843 607 1894 tamen
628 1827 831 1918 γρυπόρρτνος
845 1837 946 1916 legere
968 1838 1067 1912 malit,
1096 1839 1274 1899 Suetonium
1297 1839 1357 1896 sibi

246 1919 371 1981 habebit
389 1919 615 2001 astipulantem,
638 1921 772 2000 quicum
787 1917 907 1982 adunco
921 1943 995 1982 noso
1010 1921 1113 2006 fuisse
1134 1924 1250 1982 scribit.
1273 1923 1357 1982 Alias

246 2005 335 2065 etiem
348 2006 427 2066 idem
443 2025 510 2065 cum
525 2027 639 2081 acron,
661 2003 870 2083 uehementem,
893 2019 920 2065 et
942 2008 974 2066 irs
989 2003 1158 2067 coercendis
1179 2005 1297 2068 delictis
1308 2006 1359 2068 uel

245 2089 454 2167 immodicum,
477 2090 570 2152 suisne
590 2089 670 2151 idem
687 2087 846 2172 perhibet:
875 2099 966 2172 atque
988 2091 1027 2153 ol>
1047 2089 1109 2152 hoc
1128 2091 1231 2152 forsan
1251 2104 1357 2154 noster

244 2195 313 2238 sum
330 2172 461 2258 μανικόν
472 2185 574 2236 vocat.

330 2265 410 2342 Pug-
435 2261 508 2328 958.
534 2265 585 2326 11.
614 2261 700 2346 ταφῇ
719 2252 939 2340 παρεδόθησαν
959 2253 998 2322 τό
1015 2251 1142 2342 σόριοτα
1154 2261 1236 2344 stc]
1257 2260 1357 2323 Hoca

244 2341 428 2428 Vespasiano
443 2345 517 2426 lmp.
531 2345 644 2405 lactum
661 2344 729 2406 vuit
746 2343 815 2404 Chr.
827 2345 914 2405 Alex.
931 2354 1048 2405 ructor.

333 2436 405 2512 Pug-
427 2434 501 2497 958.
526 2431 575 2496 14.
599 2429 667 2514 ίόίφ
682 2425 811 2512 θανάτῳ
825 2429 971 2510 ἐξαίφνης
985 2429 1243 2511 φίεβοτομηθείς]
1267 2433 1356 2494 Prae·

243 2516 306 2576 ciso
322 2518 437 2577 scilicet
453 2538 470 2576 a
488 2515 633 2576 militibus
645 2513 769 2596 jugulos
792 2514 863 2574 audi
879 2515 1056 2575 Suetonium
1073 2517 1103 2575 in
1120 2516 1213 2576 Galba
1226 2518 1287 2577 Tit.
1301 2523 1355 2584 90.

245 2599 348 2664 Plures
361 2615 457 2662 nutem
472 2597 678 2682 prodiderunt,
704 2597 846 2662 obtulisse
859 2597 940 2660 ultro
950 2597 1100 2681 jugulum,
1121 2615 1149 2661 et
1162 2616 1195 2662 ut
1206 2599 1266 2662 lsoc
1280 2624 1355 2683 ogt-

243 2681 922 2849 ’ω’ιῖόόήόόόόιόωωόόομόῗ]ωόόόιᾝῖ
939 2683 1120 2832 hdddds·
1142 2769 1239 2831 cusa
1261 2771 1356 2852 penu

241 2854 333 2916 tertio
350 2865 381 2916 et
394 2857 612 2938 septuagesimo
624 2874 719 2916 suno:
742 2864 820 2914 toste
834 2855 986 2916 Suetonio.

330 2943 401 3022 Pssg·
423 2943 497 3007 958.
519 2947 570 3007 90.
595 2934 690 3003 ἄνισόν
709 2938 760 3002 tut
781 2933 922 3021 Ροόμην.]
951 2942 1050 3000 horus
1070 2940 1145 3017 iste,
1175 2957 1265 3020 quem
1282 2939 1354 3001 Chr.

244 3021 330 3084 Alex.
345 3035 452 3086 auctor
466 3045 505 3086 ex
520 3034 625 3086 nostro
640 3024 822 3106 descripsit,
843 3026 953 3085 vitiosa
967 3021 1209 3105 interpunctione
1220 3025 1252 3084 in
1268 3025 1355 3084 Lati-

243 3109 291 3168 nis
304 3109 438 3174 laborat:
459 3111 608 3191 interpres
624 3110 702 3172 enim
717 3109 809 3170 verba
824 3108 917 3189 haec,
940 3105 1036 3174 όντοόν
1056 3110 1109 3173 ἐντί
1123 3105 1251 3189 Ροόμην,
1275 3130 1355 3191 quae

243 3193 284 3255 ad
298 3195 420 3257 Petrum
432 3195 588 3258 referende
604 3205 689 3274 sunt,
710 3193 855 3256 Jacobum
869 3197 1022 3277 respicere
1040 3196 1130 3272 lacit3
1150 3195 1246 3271 mele,
1268 3197 1355 3276 peni-

242 3289 352 3360 tuoque
363 3291 467 3342 contra
486 3291 613 3342 mentem
628 3285 771 3344 auctoris.
813 3280 943 3342 Iacobus
962 3301 1036 3342 vero
1057 3282 1132 3359 ista,
1158 3281 1315 3362 lapidibus
1336 3303 1354 3339 ι

241 3365 361 3428 ludaeis
381 3369 522 3444 obrutus,
546 3367 675 3444 interiit,
696 3388 775 3427 anno
790 3367 917 3427 Neronis
938 3369 1064 3447 septimo
1071 3389 1082 3448 3
1104 3378 1218 3449 septem
1236 3367 1356 3427 scilicet

242 3455 327 3512 annis
341 3464 410 3514 ante
424 3453 575 3514 Othonem
588 3455 664 3533 imp.
685 3453 751 3516 vid.
764 3453 873 3513 Eusab.
887 3451 1009 3533 loseph.

328 3541 400 3618 Pag.
421 3540 496 3606 959.
518 3543 548 3606 8.
584 3538 662 3602 ludu
680 3533 737 3621 τογ’,
758 3529 973 3620 όρρωστήσας]
997 3533 1079 3598 Otho
1095 3536 1353 3598 :numanatis

241 3639 337 3722 spuo,
364 3633 394 3685 et
414 3643 487 3685 xor.
507 3623 631 3706 lmpen'i
650 3621 715 3703 die,
741 3633 868 3686 mortem
887 3625 945 3685 sihi
960 3623 1123 3684 conscivit:
1149 3622 1222 3684 ride
1238 3626 1353 3683 Sueto-

238 3723 333 3768 ruum.
808 3738 811 3745 ·

257 3785 259 3792 ¹
323 3789 401 3873 1³03·
424 3793 499 3860 959.
520 3791 553 3857 4.
585 3791 735 3868 Βιτίίίιος
757 3787 934 3877 Αὔγουστος
957 3791 1007 3875 ίτη
1029 3786 1073 3856 θ’.
1094 3789 1147 3856 καί
1169 3795 1272 3874 μῆνας
1287 3785 1352 3871 η’.]

237 3875 301 3937 lmo
316 3896 384 3939 vm.
400 3887 516 3940 tantum
531 3879 682 3941 mensibus
700 3879 859 3961 imperium
874 3877 989 3941 tenuit:
1010 3875 1048 3942 rol
1062 3877 1111 3960 ίτη
1126 3874 1171 3957 θ’,
1191 3876 1285 3956 igitur
1298 3896 1353 3935 an·

237 3961 317 4024 ctori
330 3971 436 4023 nostro
455 3966 639 4046 reponimus.

326 4051 397 4129 Peg·
417 4051 491 4115 259.
516 4055 564 4116 13.
588 4043 761 4129 ἐφόνευσαν
776 4053 972 4134 Κυρηναῖον]
994 4048 1072 4125 Quis
1087 4043 1353 4128 Cyrenaeusists'?

234 4132 268 4192 Si
286 4131 464 4213 Gyrenium,
486 4134 550 4198 sive
565 4136 738 4211 Quirinium
753 4137 839 4196 iilum
854 4135 1014 4214 intelligit,
1036 4135 1088 4215 qui
1107 4133 1146 4194 ad
1165 4131 1354 4210 Descriptio·

235 4237 304 4279 nem
319 4219 484 4282 faciendam
500 4221 531 4280 in
544 4222 686 4284 Judaeum
700 4223 737 4283 ab
754 4223 888 4301 Augusto
903 4221 1013 4282 missus
1031 4230 1092 4296 est,
1118 4228 1184 4279 toto
1199 4217 1284 4276 coelo
1303 4235 1354 4275 er-

236 4313 301 4368 rata
314 4323 446 4388 namquo
461 4315 533 4392 post
544 4307 637 4390 hujus
652 4309 778 4370 Romam
799 4307 949 4387 reditum,
971 4315 1042 4368 ants
1064 4305 1137 4367 belli
1158 4301 1273 4364 tudam
1293 4321 1352 4360 mr-
