2950 4817
504 271 866 386 massanissae
1162 321 1237 400 671

129 489 225 565 tium,
253 492 342 554 multi
363 490 448 554 missi
470 501 541 553 sant
565 491 729 569 Praefecti,
756 511 852 573 usque
878 491 919 553 ad
939 493 1077 556 Gessium
1097 493 1241 573 Florum

131 575 220 658 eujus
235 579 502 657 oppressionibus,
525 577 627 638 Judaei
646 577 770 640 tandem
792 579 921 658 inritati,
943 581 1071 641 samaia
1089 579 1240 642 Romanos

131 673 341 743 sumpserunt3
362 663 407 725 uti
420 683 512 744 supra
526 663 706 728 monuimus.

217 745 290 827 Pag-
316 751 467 816 259.16.
504 748 630 829 πέμψας
655 745 822 833 στρατηγὼ
849 747 960 814 ἐαυτοῦ
990 743 1239 832 &cessassem

131 831 350 914 Vespasianus,
373 853 434 895 non
449 833 617 910 aVitellio,
639 835 693 894 sed
707 835 843 910 Nerone,
870 836 904 895 in
920 834 1049 898 iudaeos
1064 837 1172 896 missus
1186 847 1241 898 est.

219 921 291 1000 Pflg·
313 918 386 986 259·
412 924 461 987 19.
483 913 566 1005 νόσῳ
587 919 728 1002 βληθεὶς,
755 916 969 986 dolosanus
992 916 1070 1002 μη’.]
1096 917 1243 1000 Vitellius,

130 1002 265 1080 religatis
289 1014 359 1084 post
380 1014 464 1084 terga
485 1005 640 1082 menibus,
668 1005 783 1086 injecto
811 1007 991 1079 cervicibus
1004 1008 1129 1086 laqueo,
1158 1016 1243 1068 veste

131 1087 275 1162 discissa,
308 1089 481 1150 seminudus
504 1091 535 1150 in
557 1090 657 1151 sorum
679 1099 794 1150 tractus
814 1100 875 1170 ατη
893 1091 1014 1152 tandem
1034 1092 1116 1171 apud
1131 1092 1242 1153 Gemo-

132 1173 199 1232 nias
221 1173 427 1237 minutissimis
451 1175 561 1236 ictibus
583 1176 810 1236 excarnificatus
831 1186 921 1257 atque
945 1178 1105 1236 consectus
1127 1187 1190 1253 est,
1211 1185 1243 1238 et

131 1258 297 1404 itidbum
308 1270 425 1322 tractus
439 1261 471 1322 iu
486 1261 632 1340 Tibesim5
654 1263 762 1323 aetatis
782 1281 861 1322 suno
880 1281 960 1323 nvn.
981 1263 1053 1324 vide
1070 1263 1192 1325 Sueten.
1209 1263 1243 1324 in
1268 1299 1275 1306 ·

160 1345 224 1405 ite.

217 1431 297 1510 Pssg·
319 1433 394 1498 269.
417 1435 469 1498 21.
502 1428 552 1495 snt
569 1433 625 1510 τῆς
642 1427 790 1504 sinuatione
808 1425 934 1509 Pusione
955 1429 1008 1493 stoi
1029 1433 1242 1511 Konsesusosi]

130 1513 243 1575 nutum
259 1524 290 1576 et
304 1515 481 1598 Capitonem
496 1515 640 1575 babemus
656 1516 742 1575 Coss.
762 1515 844 1594 apud
857 1515 1035 1594 Eusebium,
1057 1515 1112 1576 sed
1130 1515 1169 1576 ad
1190 1539 1243 1576 an-

133 1617 207 1660 num
225 1601 354 1661 Neronis
368 1621 439 1666 xus.
462 1601 515 1681 qui
534 1601 573 1660 ad
598 1619 645 1661 an.
669 1599 885 1679 Vespasianis.
915 1601 1043 1661 Galbam
1069 1601 1147 1680 Aug.
1164 1622 1199 1662 n.
1213 1611 1245 1663 et

131 1683 254 1744 Vinium
267 1689 369 1766 ponit3
401 1687 445 1746 nti
459 1697 490 1748 et
503 1687 584 1746 Festi
597 1685 767 1766 Capitolini.
790 1684 862 1750 chr.
877 1685 968 1750 Alex.
981 1686 1041 1747 boe
1063 1706 1143 1748 anno
1154 1686 1262 1766 habet,

132 1767 261 1830 Galbam
275 1782 305 1832 et
318 1771 421 1832 Titum
433 1771 572 1832 Rufinum
585 1773 670 1834 Coss.

221 1859 293 1937 Pug·
316 1863 388 1924 260.
410 1857 442 1923 4.
464 1855 517 1919 ἐπὶ
529 1860 585 1937 τῆς
595 1855 742 1929 sinuosius
753 1853 868 1917 Λατίου
879 1853 933 1918 καὶ
945 1855 1141 1935 Pooosseioo]
1163 1857 1245 1916 θρα·

133 1939 214 2002 sules
228 1939 261 1999 bi
276 1961 424 2021 nusquam
439 1951 601 2023 apparent:
623 1941 868 2001 Persecutionem
890 1949 991 2010 sutem
1005 1941 1168 2002 secundam
1182 1943 1248 2003 Dn-

133 2024 250 2087 snitiani
261 2027 338 2108 Imp.
355 2045 404 2087 sn.
419 2047 491 2088 xm.
504 2025 615 2086 factem
629 2045 694 2086 esse
707 2023 833 2085 tradunt
846 2024 907 2085 alii.

220 2114 293 2192 Peg.
314 2117 390 2177 260.
410 2117 443 2178 7.
463 2109 514 2176 tut
535 2115 591 2192 τῆς
610 2107 756 2184 ὑπατείας
774 2104 942 2190 Κομμόδαα
960 2106 1013 2173 ταὶ
1037 2103 1157 2191 Fusios]
1179 2115 1244 2175 Sor.

137 2188 281 2272 Podoov:
312 2197 509 2256 Commodum
532 2198 629 2269 enim,
657 2205 688 2258 et
707 2195 819 2256 Rufum
842 2196 989 2257 Consules
1013 2195 1136 2256 invenio
1163 2197 1247 2276 apud

135 2279 363 2353 cassiodorum
391 2282 444 2342 sed
465 2281 505 2343 sd
529 2281 703 2362 Vespasiani
725 2301 838 2342 annum
859 2301 902 2340 vs.
922 2279 1118 2360 quadriennio
1133 2280 1250 2342 seilicet
1316 2271 1346 2348 ,¹

138 2375 206 2446 post
226 2376 331 2445 osptas
345 2365 580 2446 Hierosolymo.
630 2371 719 2426 Anno
742 2365 820 2425 enim
841 2366 1017 2447 Vespasiani
1037 2386 1074 2428 11.
1095 2375 1183 2446 capta
1201 2375 1249 2428 est

134 2449 211 2511 baeu
224 2451 313 2530 urbs3
336 2469 397 2530 quo
412 2473 491 2512 auno
504 2452 650 2512 Eusebius
664 2450 753 2532 ponit
771 2450 985 2530 Vespasianum
1002 2451 1080 2531 Aug.
1096 2471 1132 2512 11.
1150 2460 1182 2513 et
1192 2451 1248 2512 Ti·

134 2545 200 2598 mm
214 2537 296 2596 Coss.
320 2535 433 2598 Cluen.
449 2536 536 2599 Alex.
552 2536 768 2619 Vespasianum
784 2535 894 2597 solum.

223 2623 295 2701 Pus·
317 2627 390 2688 260.
413 2627 465 2690 10.
495 2621 615 2704 ξίφεσιν
638 2615 752 2694 αὕτοῦς
766 2615 965 2698 κατακόψας]
994 2619 1040 2680 Ita
1061 2618 1152 2681 etism
1176 2619 1249 2682 cur.

135 2705 222 2768 Alex.
274 2705 370 2767 Verba
395 2707 519 2789 losepbi
543 2705 626 2788 apud
647 2704 811 2766 Eusebium
830 2703 902 2766 Che.
931 2705 986 2769 lib.
1013 2711 1043 2770 1.
1068 2703 1146 2764 beeo
1168 2715 1249 2767 sunt.

136 2791 216 2871 φησὶ
236 2787 271 2853 di
293 2785 469 2872 doionnnoc,
497 2795 577 2880 λιμῷ
595 2789 648 2854 ned
670 2791 801 2877 μαχαίρᾳ
823 2785 861 2873 ρι’
889 2785 1041 2896 μυριάδας
1068 2783 1248 2866 ἆαολὲσθαι,

135 2876 191 2942 ταὶ
204 2871 296 2950 ἄλλας
311 2885 390 2960 τρεῖς
405 2874 554 2958 μαρτᾶδας
567 2878 797 2957 διαπεπρᾶαθατ
810 2875 1015 2956 alwalonem
1052 2879 1131 2958 λιμῷ
1144 2876 1249 2955 itaque

136 2960 221 3046 apud
239 2972 373 3024 nostrum
390 2961 594 3025 desideratur:
614 2961 725 3024 deinde
741 2981 811 3022 oum
830 2970 932 3022 noster
954 2953 988 3024 ιε’
1011 2956 1164 3043 μυριάδας
1186 2961 1251 3042 αἰχ-

136 3041 301 3126 μαλώτων,
323 3049 519 3129 Captivorum
538 3067 585 3111 on.
603 3048 714 3128 niuis,
736 3045 848 3124 babet,
867 3045 1018 3128 Iosephus
1035 3067 1110 3112 xxx.
1132 3053 1250 3107 tantum

136 3131 232 3196 stillis
244 3144 393 3194 numerat.

222 3221 301 3300 Pug·
325 3225 397 3288 260.
420 3221 470 3286 18.
491 3215 565 3300 μετὰ
577 3211 689 3298 ταύτης
701 3214 934 3301 πορθηθτὶσης]
954 3224 1025 3297 post
1037 3208 1165 3295 enimes
1178 3213 1251 3282 sub.

139 3301 210 3363 audi
224 3301 427 3387 πορθήσεως,
451 3313 505 3364 aut
521 3303 636 3384 aliquid
661 3305 739 3382 tale,
768 3303 852 3384 qnod
874 3321 944 3361 oum
963 3299 1115 3361 vocabulo
1136 3293 1251 3379 ταύτης

137 3390 308 3450 conveniat.
349 3391 577 3451 Devsstationes
591 3390 669 3472 enim
686 3399 761 3466 tres,
782 3407 857 3468 quas
873 3395 978 3447 anoton
990 3394 1145 3462 memoret,
1167 3394 1248 3462 sunt,

137 3475 163 3535 1.
188 3474 243 3535 sub
261 3474 565 3537 Nabuchodonosore.
605 3475 643 3538 11.
667 3474 723 3536 sub
743 3471 892 3534 Antiocho
906 3470 1081 3552 Epiphane,
1103 3471 1248 3551 tempori-

137 3559 196 3620 bus
210 3559 462 3624 Msoosbaeornm.
506 3561 559 3624 111.
580 3578 656 3624 vero
675 3569 768 3642 atque
782 3557 886 3620 ultima
900 3556 993 3635 baec,
1016 3557 1074 3619 sub
1089 3555 1250 3638 Vespasia-

137 3665 198 3728 no,
219 3653 249 3705 et
261 3647 330 3708 Tito
342 3647 406 3729 ejus
422 3645 457 3708 F.

224 3733 303 3813 Pog.
325 3736 398 3800 261.
418 3735 448 3797 9.
473 3731 519 3807 E}
531 3727 648 3812 nouitio
662 3726 813 3809 Ιοαδαία]
834 3725 917 3788 Haeo
936 3727 1004 3808 ipsa
1015 3725 1122 3786 Latina
1137 3723 1251 3786 inseri-

137 3815 207 3900 ptio
225 3815 317 3879 fuisse
337 3817 474 3893 videtur,
503 3815 647 3876 Romanis
668 3813 901 3876 Charseten'bus
921 3813 964 3874 sie
986 3833 1019 3872 ss
1036 3810 1166 3872 babens:
1193 3811 1250 3872 EX

138 3902 295 3964 PRAEDA
322 3901 486 3964 JUDAEA:
514 3901 598 3982 quod
618 3901 701 3982 apud
718 3900 789 3962 cur.
808 3900 897 3963 Alex.
920 3899 967 3961 Its
985 3900 1101 3958 Graece
1119 3897 1249 3959 dieitur:

137 3985 251 4069 Εττῆς
269 3989 400 4068 πραίδης
411 3991 473 4051 τῶν
490 3987 651 4052 deoduino.

225 4069 303 4155 1²⁰3·
325 4079 397 4141 262
422 4078 449 4138 1.
478 4065 639 4154 Εὗρῶατην
660 4069 694 4135 di
715 4064 779 4134 sind
794 4064 918 4153 θρᾶτης
944 4065 1079 4150 luisses]
1109 4065 1193 4127 Idem
1214 4085 1254 4126 ex

139 4157 294 4220 veteribus
307 4160 415 4220 asserit
435 4157 626 4237 Euanthius,
648 4158 680 4217 in
700 4157 824 4238 Dionys.
843 4133 955 4233 i’eriog.
1007 4153 1048 4216 Oi
1076 4149 1109 4216 δὲ
1127 4152 1255 4214 παλαιαί

140 4237 705 4414 umt:.⁰;';t:tntsttn
725 4233 1252 4409 utensilitatem
