2950 4817
528 309 755 384 EPISTOLA.
1151 323 1227 396 699

281 487 346 551 Nec
360 489 429 551 dats
442 489 585 553 Romanis
596 489 684 552 venia
698 499 745 552 est
757 489 881 571 indigas
892 489 1004 572 poetis.

113 589 173 650 Fas
196 599 260 651 erat
283 591 430 654 duntaxat
449 613 572 656 versum
594 593 697 673 illum,
721 595 774 676 qni
790 595 998 675 paroemiaous
1012 593 1144 673 dicitnr,
1165 605 1229 658 tro.

114 675 211 734 chaeo
231 677 380 739 claudere.
422 681 467 742 Eo
489 697 584 758 usque
605 699 667 740 non
685 681 772 742 aliter
794 679 965 739 continuari
987 677 1136 742 debebant
1159 704 1228 742 aaa·
1302 684 1306 692 ’

111 761 211 841 paesti
238 763 285 822 vel
311 786 399 844 pares
419 773 582 846 anapaesto
609 765 718 848 pedes,
748 786 783 824 ac
813 764 838 823 si
868 765 976 822 unicus
1008 777 1085 827 esset
1111 786 1228 834 versus.

114 847 198 920 Quin
214 856 244 905 et
257 850 367 910 Seneca
384 851 545 929 Tragicos,
568 859 603 910 ut
617 853 692 909 scias
710 871 779 912 eum
795 849 832 910 da
844 849 993 909 industria
1005 853 1228 930 temperavisse,

113 931 207 991 semel
222 941 339 995 tantum
356 945 447 1016 atque
465 938 573 996 iterum
594 935 737 997 trochaeo
757 945 932 1014 anapaestos
954 935 1075 1005 clausit,
1098 957 1155 997 nec
1168 937 1229 997 nisi

111 1015 197 1082 finita
212 1021 373 1081 sententia:
403 1020 454 1102 qui
469 1019 584 1081 seilicet
603 1021 785 1102 paroemiaci
809 1022 893 1080 locus
913 1029 1007 1098 esset,
1027 1020 1087 1080 nisi
1106 1021 1133 1081 is
1155 1023 1228 1081 scri.

111 1111 186 1182 plor
200 1106 302 1164 nescio
319 1125 374 1168 cur
386 1125 507 1167 versum
529 1106 616 1166 illum
640 1107 837 1188 repudiasset.
880 1105 1004 1165 Veteres
1024 1115 1125 1165 tamen
1147 1106 1228 1166 Lati.

111 1207 170 1245 nos
183 1188 303 1249 minimo
321 1199 495 1271 aspernatos
510 1211 574 1250 esse
592 1193 833 1252 Paroemiacum.
855 1189 909 1250 sed
928 1201 959 1250 et
977 1189 1029 1250 hic
1043 1191 1230 1252 Graecorum

110 1271 247 1352 vestigiis
258 1276 402 1338 institisse
416 1277 492 1338 scire
505 1276 627 1340 dabitur
638 1299 677 1340 ox
693 1279 759 1339 istis
772 1276 924 1357 reliquiis,
945 1275 1061 1358 iisqne,
1082 1275 1115 1336 ni
1129 1276 1230 1356 fallor,

111 1359 197 1420 solis.

111 1475 215 1540 Attius
241 1477 388 1543 Phinidis.
431 1482 528 1542 Simul
543 1493 575 1544 at
584 1484 698 1544 circum
714 1502 822 1562 magns
834 1479 1013 1544 sonantibus
1248 1476 1274 1532 ⁰
1290 1477 1327 1534 27

426 1567 534 1628 Excits
548 1573 628 1629 saxis
643 1589 734 1630 saeva
749 1565 885 1628 sonando

430 1652 554 1733 Crepitu
571 1655 726 1732 clangente
744 1651 934 1714 cachinnant.

109 1768 212 1829 loona
228 1777 274 1830 ost
289 1770 370 1851 apud
383 1770 514 1830 Nonium
528 1769 560 1831 in
577 1769 771 1833 Caelianum.
815 1770 876 1831 Sed
891 1791 980 1830 nemo
994 1789 1072 1831 emo
1084 1770 1227 1853 impetra-

108 1854 174 1930 bit,
199 1863 235 1914 ut
249 1857 344 1914 verba
360 1855 434 1915 Attii
456 1875 528 1915 sana
552 1875 616 1916 esse
637 1857 812 1917 concedam.
862 1855 1016 1928 Quorsum
1035 1857 1115 1916 enim
1134 1857 1229 1936 perti.

108 1950 186 1999 erent
202 1961 314 2018 magno
330 1962 436 2014 saeva,
459 1949 488 2000 et
503 1939 678 2002 meantibus
700 1937 862 2002 meando?
881 1941 1067 2000 Peccaturus
1083 1963 1163 2016 sum,
1183 1942 1230 2000 nti

109 2039 218 2102 spero,
246 2025 324 2082 intra
346 2027 481 2103 veniam,
510 2027 667 2106 siparum
697 2045 847 2107 prospere
871 2027 1050 2085 medicinam
1075 2027 1228 2108 experior.

108 2109 161 2168 Ex
181 2111 249 2190 ipso
270 2109 390 2169 fabulae
408 2110 529 2170 nomine
548 2131 652 2189 magna
677 2111 811 2190 suapi‘cio
835 2120 881 2172 est
902 2110 941 2172 do
961 2111 1103 2192 Harpyiis
1132 2110 1229 2173 verbe

109 2193 186 2254 lieri.
228 2193 330 2256 Fallor
342 2196 445 2276 itaque
459 2217 499 2254 an
513 2196 559 2255 sio
572 2197 733 2276 legendum
747 2196 813 2256 eat'l

428 2315 525 2376 Simul
539 2323 569 2375 et
583 2315 697 2374 circum
709 2325 814 2392 stagna
830 2314 1005 2376 sonantibus

426 2400 534 2462 Excita
548 2400 630 2460 saxis
647 2421 737 2460 saeva
752 2399 881 2458 Celaeno

430 2486 553 2567 Crepitu
567 2485 722 2564 clangente
734 2483 905 2547 cachinnat.

105 2603 193 2664 Illud
206 2601 359 2688 clangente
372 2605 497 2686 proprie
510 2614 542 2665 et
553 2613 625 2688 epte
638 2603 754 2666 dictum
775 2613 823 2665 est
835 2603 875 2665 ds
887 2603 1041 2686 Harpyiis.

106 2697 273 2788 Virgilius:
433 2707 475 2767 At
497 2707 614 2767 subitae
635 2705 784 2766 horrifico
798 2707 886 2786 lapsn
900 2704 939 2766 de
951 2705 1104 2766 montibus
1120 2707 1231 2767 adsunt

429 2791 600 2874 Harpyiae,
622 2801 654 2851 et
668 2791 783 2868 magnis
797 2791 937 2872 quatiunt
952 2789 1144 2872 clangoribus
1158 2793 1230 2853 alos.

106 2879 196 2954 Quin
211 2889 241 2940 et
255 2893 363 2960 stagna
374 2879 451 2938 bene
464 2877 607 2958 reposui,
630 2877 817 2956 approbante
829 2876 943 2936 ibidem
958 2875 1101 2954 Virgilio:

427 2963 597 3023 Obscaonas
611 2960 713 3042 pelagi
725 2963 804 3021 terro
818 2961 942 3022 loedere
954 2962 1106 3025 volucres.

104 3045 210 3112 Attius
222 3049 373 3130 Telepho:
427 3048 551 3128 lamjam
567 3045 692 3126 stupido
708 3047 850 3106 Thessala
863 3063 971 3107 somno

428 3135 554 3194 Pectore
569 3134 773 3212 longuentqns
787 3143 961 3211 senentqus.

103 3217 158 3283 Id.
178 3221 351 3302 Eurysacea
425 3220 524 3298 Super
540 3219 651 3278 Oceani
668 3227 773 3296 stagna
790 3217 848 3276 alta
864 3219 960 3296 patris

428 3305 591 3364 Terrarum
609 3303 744 3365 anfracta
759 3301 897 3363 revisam.

103 3390 261 3453 Pacuvius
275 3387 411 3471 Niptris:
431 3421 476 3436 -
496 3423 539 3436 -
561 3388 701 3470 Operite‚
724 3387 894 3465 abscedite,
913 3385 1035 3467 jamjam

428 3473 556 3536 Mittitea
578 3493 647 3534 nam
666 3483 827 3534 attrectatu
843 3481 875 3533 et
885 3491 999 3552 quassu

430 3563 558 3620 Saevum
576 3557 762 3639 amplificati2
774 3559 922 3618 dolorem.

105 3644 210 3706 Attius
222 3643 403 3709 Philocteta:
424 3647 494 3706 Heu
508 3645 577 3725 quis
594 3645 678 3705 salsis
691 3643 831 3704 fluctibu'
846 3642 970 3702 mandet

425 3731 475 3793 tta
489 3751 527 3791 ex
541 3731 662 3792 sublimi
677 3730 792 3791 vertice
806 3728 896 3787 saxil

426 3817 552 3897 Janrjam
571 3819 726 3877 absumor:
749 3814 872 3875 conticit
888 3813 1020 3872 animum

419 3903 481 3964 Νὴ
497 3904 644 3982 volneris,
667 3902 779 3961 ulceris
795 3909 903 3959 aestus.

102 3987 192 4048 Idem
216 3989 298 4068 apud
319 3989 381 4050 cte.
403 3993 434 4054 2.
456 3989 577 4055 Tuscul.
622 3985 734 4063 „Unde
758 3986 835 4063 ignis
855 3985 939 4043 lucet
956 3981 1135 4044 mortalibus
1150 3980 1230 4040 clam

104 4073 224 4132 divisus
233 4075 249 4134 'l
272 4095 341 4134 eum
357 4076 467 4135 doctus
489 4072 688 4134 Prometheus
712 4072 854 4151 clepsisse
876 4070 947 4129 dolo
966 4087 1141 4150 poenasque
1162 4067 1247 4125 lovi·

103 4160 171 4218 fato
186 4160 365 4238 expendisse
374 4161 555 4246 ·supremo.“
580 4149 661 4234 'Qui
682 4157 770 4217 locus
788 4157 834 4216 sic
852 4155 891 4214 ad
904 4163 1082 4237 anapaestos
1094 4172 1167 4214 suos
1184 4161 1230 4211 est

102 4241 308 4309 reducendus.
366 4257 370 4272 ·

418 4329 504 4394 Unde
520 4329 615 4412 igneis
630 4329 711 4392 cluet
725 4325 940 4392 immortalite
