2950 4817
220 250 271 320 48
318 258 321 267 '
521 242 740 313 lOANNlS
761 245 1022 318 MALALAE

221 416 278 488 doio
297 421 360 486 vicl
378 424 435 506 τῆς
453 419 617 507 Ἀντιόπης
635 415 717 510 ἦσαν
730 424 797 508 μετ’
814 425 918 493 αὐτῶν
931 425 998 512 ἅμα
1014 435 1058 519 τῷ
1074 427 1327 522 ἇναθρεψαμίνηι

221 524 336 601 adroic
346 525 490 611 Ὀρδίωνι
503 534 636 614 γεωργῷ.
682 531 734 595 καὶ
750 527 944 614 παρεκάλουν
957 532 1015 617 τὴν
1028 535 1150 618 Δίρκην
1163 535 1209 619 μὴ
1222 533 1328 601 rorori-

220 653 266 716 τῳ
285 625 374 718 μόρῳ
398 627 514 694 ἀνελεῖν
534 628 647 713 αὐτήν·
673 628 694 716 ἡ
718 634 754 698 δὲ
774 631 895 711 ἐξεῖπεν.
908 634 1015 710 αὐτοῖς
1038 635 1085 702 ὅτι
1108 637 1201 723 ἓίρεια
1216 630 1255 721 ἦν
1270 645 1327 704 τοῦ

218 728 345 811 Ἡλίου,
373 733 424 796 καί
445 731 572 818 ἐφθάρη
593 735 644 798 καλ
663 734 801 820 ἐγέννησε
823 733 880 802 ‹lv'o
899 740 1014 814 παῖδας
1034 740 1068 804 ἔκ
1085 741 1248 823 πορνείας,
1275 744 1328 806 καὶ

222 837 273 900 δεῖ
291 834 390 918 αὐτὴν
413 842 641 920 τιμωρηθῆναι.
692 841 745 902 καῖ
760 836 948 918 ἀκούσαντες
964 841 994 906 oi
1007 848 1063 926 τῆς
1075 839 1237 926 Ἀντιόπης
1251 844 1355 924 υἷοί,5

223 943 336 1022 Ζῆθος
361 941 412 1003 καλ
429 938 586 1026 Ἀμφίων,
613 939 701 1027 παρὰ
717 947 774 1008 τοῦ
790 941 1054 1026 ἅναθρεψοιμίνου
1070 945 1185 1024 αὐτους
1197 945 1330 1030 'Opillus-

222 1067 278 1118 νος
292 1039 339 1108 ὅτι
352 1037 373 1124 ἦ
386 1038 490 1126 μήτηρ
507 1040 610 1108 αὐτῶν
625 1045 708 1109 ἐστιν
721 1041 742 1128 ἦ
755 1046 911 1126 μίλλουσα
925 1055 1146 1130 τιμωρεῖσθαι,
1172 1045 1192 1132 ἦ
1211 1047 1329 1116 Ἀντιό-

223 1171 286 1229 πη,
312 1147 575 1231 συναθροίσαντες
595 1153 700 1213 πᾶσαν
722 1146 779 1230 τὴν
794 1147 970 1235 ἀγροικικὴν
983 1148 1110 1234 χώραν,
1138 1149 1204 1234 ἅμα
1223 1151 1331 1228 αὐτοῖς

130 1263 156 1318 0
173 1265 209 1322 57
226 1243 416 1324 ἀπελθόντες
429 1244 598 1335 ίφόνευσαν
609 1248 683 1326 τοὺς
695 1248 898 1337 στρατιώτας.
949 1257 1001 1318 καὶ
1016 1251 1165 1336 λαβόντες
1178 1255 1234 1338 τὴν
1247 1257 1331 1340 Δίρ-

224 1376 281 1436 κην
295 1349 457 1437 ἀφείλοντο
470 1350 491 1415 ἃ
504 1349 607 1438 ἐφόρει
618 1354 765 1433 βασιλικοὶ
778 1351 977 1437 κοσμήματα,
1002 1359 1053 1421 καὶ
1066 1356 1178 1422 ἔλυσαν
1191 1356 1248 1442 τὴν
1259 1357 1374 1426 §lo-10

223 1452 345 1538 τιόπην.
377 1457 430 1519 καῖ
443 1460 577 1520 λυθεῖσα
590 1463 652 1521 τῶν
667 1459 789 1539 δεσμῶν
803 1455 823 1542 ἢ
841 1455 983 1541 Ἀντιόπη
999 1459 1146 1544 ἐπέτρεψε
1162 1469 1227 1536 τοῖς
1241 1463 1332 1536 ‘litore

186 1557 327 1641 Εἀὗτῆς
348 1559 473 1638 παισίν,
496 1557 638 1645 Ἀμφίονι
659 1562 711 1624 καὶ
731 1557 854 1648 Ζήθῳ,
882 1567 1030 1646 φονεῦσαι
1043 1561 1099 1645 τὴν
1114 1565 1251 1646 Δίρκην·
1279 1565 1331 1628 καί

225 1657 375 1743 λαβόντες
395 1660 453 1742 τὴν
471 1663 592 1747 Δίρκην
616 1661 732 1744 ἴδησαν
754 1666 797 1738 είς
812 1661 865 1728 τὸν
883 1663 979 1728 αὐτὸν
999 1663 1105 1748 ίίγριον
1120 1673 1251 1750 ταῦρον,
1279 1667 1332 1730 καὶ

226 1774 354 1848 συρεῖσα
370 1761 434 1830 ὑπὸ
447 1769 504 1828 τοῦ
517 1761 635 1848 ταόρου
651 1761 672 1847 ἡ
687 1767 790 1852 Δίρκη
807 1760 958 1833 ἀπώλετο.
1013 1762 1029 1831 ὃ
1049 1768 1083 1832 δέ
1098 1773 1213 1852 ταῦρος
1227 1769 1261 1832 ἐκ
1276 1775 1333 1852 τῆς

225 1868 353 1943 ίλιισίοις
373 1868 518 1949 ἐδίψησε,
553 1868 603 1931 καί
626 1863 725 1953 eripuis
743 1868 842 1953 πηγὴν
865 1867 938 1954 ίοτη
962 1878 1057 1934 πιεῖν·
1091 1872 1142 1934 καὶ
1164 1879 1291 1936 κοπεῖσα
1311 1867 1375 1952 ἦ15

226 1980 350 2052 σχοῖνος
368 1970 451 2037 είασε
474 1972 604 2052 πλησίον
624 1976 682 2052 τῆς
700 1978 799 2056 πηγῆς
821 1970 856 2036 τό
876 1975 1023 2051 λείψανον
1043 1978 1099 2056 τῆς
1116 1974 1253 2058 Δίρκης·
1280 1977 1333 2038 καὶ

227 2072 347 2157 ίκλήθη
361 2071 382 2159 ἡ
396 2071 477 2155 ciri
492 2071 574 2155 πηγὴ
589 2073 620 2149 ἐξ
635 2073 748 2139 ἐκείνου
764 2075 820 2149 ἕως
833 2079 889 2157 τῆς
903 2079 957 2138 νῦν
970 2075 1002 2140 ἐν
1022 2081 1061 2160 τῇ
1077 2072 1168 2164 χώρη
1190 2076 1287 2162 ἐκείνη
1311 2071 1332 2156 ἦ

227 2178 342 2263 Δίρκη.
393 2177 445 2239 καλ
463 2175 569 2240 λοιπόν
591 2171 608 2241 ὅ
628 2181 742 2260 Ζῆθος
759 2179 809 2240 καί
825 2173 841 2240 ὃ
860 2175 1126 2262 §trepidationes
1141 2174 1333 2261 τὴνὲαυτῶν

134 2290 160 2345 V
176 2292 212 2346 20
226 2280 348 2365 μητέρα
356 2327 367 2359 ,
389 2277 446 2361 τὴν
459 2273 638 2376 Ἀντιόπην,
667 2281 717 2342 καὶ
732 2279 845 2365 ίφυγον
863 2279 910 2342 ἐπὶ
927 2278 984 2361 τὴν
1001 2281 1082 2345 idios
1098 2277 1202 2362 χώραν
1217 2280 1331 2360 αὐτῶν,

226 2383 284 2467 τὴν
306 2381 477 2448 Βοιωτίαν·
500 2382 552 2445 καὶ
570 2381 633 2446 ἐκεῖ
644 2379 851 2468 ἀναφανέντες
868 2379 1071 2465 ἐγνώσθησαν
1087 2393 1152 2458 τοῖς
1169 2387 1378 2458 Βοιιοτοῖς.2ῠ
1403 2430 1406 2436 ·

226 2483 244 2552 ὅ
261 2487 295 2551 δὲ
315 2484 419 2550 αὐτῶν
436 2481 562 2561 πάππος
577 2480 594 2548 ri
613 2482 772 2562 Νυκτεός,
801 2481 817 2548 ὃ
835 2484 981 2563 βασιλεὺς
998 2491 1054 2568 τῆς
1069 2485 1166 2568 αὐτῆς
1181 2489 1336 2561 Βοιωτίας

223 2587 331 2674 χώρας
336 2637 355 2677 ,ι
373 2583 536 2672 γεηήρακε,
564 2589 616 2650 καῖ
636 2583 721 2674 νόσῳ
735 2589 868 2669 βληθείς
882 2592 1018 2675 τελευτᾷ.
1071 2590 1122 2652 καί
1135 2587 1242 2654 λοιπόν
1255 2588 1334 2670 μετὰ

201 2716 205 2725 ’
226 2691 284 2776 τὴν
299 2689 442 2773 τελευτὴν
462 2695 518 2755 τοῦ
532 2688 680 2764 Νυκτέως
689 2689 841 2768 βασιλέως
856 2688 885 2752 oi
901 2695 957 2772 τῆς
967 2691 1121 2766 Βοιωτίας
1133 2688 1244 2768 πάντες
1257 2691 1336 2777 ᾔτη-

297 2839 324 2891 8.
342 2827 519 2904 όγροικικὴν]
537 2826 672 2902 οίρροιιιιὶν
687 2833 741 2886 0¹.
812 2833 854 2888 12.
869 2826 1004 2903 'Appium
1021 2834 1074 2887 Ox.
1109 2834 1155 2888 Sic
1171 2839 1200 2888 ot
1215 2834 1294 2888 inira.

229 2954 344 3021 hohan)
361 2953 431 3006 inter
448 2970 511 3022 quos
530 2951 607 3006 etium
625 2959 701 3006 eraut
716 2952 846 3023 Antiopae
862 2951 911 3006 filii
928 2953 1018 3017 ambo,
1036 2957 1063 3004 et
1081 2951 1126 3021 qui
1144 2969 1187 3006 eos
1205 2951 1337 3006 enutrias-

229 3033 288 3087 rat,
312 3022 396 3075 Ordio
414 3021 536 3090 agricola.
572 3022 689 3090 Cumque
705 3038 756 3074 una
779 3039 864 3075 omncs
880 3021 983 3074 Dircam
1000 3028 1138 3089 rogarent,
1167 3021 1206 3074 uti
1224 3021 1337 3090 Antiopa

230 3092 278 3144 tali
295 3092 386 3145 saltem
402 3091 459 3142 lato
476 3106 528 3142 non
545 3090 660 3160 periret3
676 3090 790 3143 instabat
807 3090 867 3153 illa,
894 3090 1046 3158 Antiopam,
1065 3107 1123 3142 cum
1140 3089 1199 3143 solis
1217 3091 1337 3143 sacerdos

231 3168 314 3225 esset,
334 3159 481 3213 castitatem
496 3175 566 3212 suam
582 3159 705 3221 violasse,
730 3167 759 3212 ct
776 3175 808 3212 ox
823 3158 915 3212 illicito
933 3158 1073 3212 concubitu
1090 3158 1157 3211 lilios
1174 3157 1238 3212 duos
1256 3177 1289 3228 pe
1308 3176 1338 3211 o-

231 3231 312 3293 rissas
341 3236 420 3299 atquo
438 3227 505 3281 adeo
521 3227 642 3298 supplicii
658 3228 734 3296 hujus
750 3227 853 3296 dignam
871 3246 935 3281 essa.
970 3228 1097 3296 Amphion
1122 3233 1207 3281 autam
1230 3234 1259 3281 et
1284 3175 1338 3280 Ze-

230 3300 305 3361 thus,
322 3299 368 3350 uhi
386 3299 421 3351 ah
437 3298 524 3351 altore
539 3315 585 3350 sno
599 3296 715 3350 Ordlons
732 3297 894 3360 didicissent,
912 3303 1019 3350 matrem
1036 3311 1106 3348 suum
1123 3313 1178 3348 essa
1191 3297 1337 3366 Antiopam,

231 3385 300 3436 quae
316 3364 442 3436 supplicio
458 3364 587 3419 tradenda
604 3375 684 3419 esset:
703 3366 818 3419 collectis
834 3367 862 3419 in
880 3383 956 3419 unum
972 3364 1075 3418 rusticis
1088 3363 1116 3416 in
1133 3363 1242 3417 circuitu
1256 3365 1338 3417 omni·

232 3437 295 3499 bus,
312 3435 409 3504 egressi
424 3443 485 3488 sunt
500 3451 557 3488 oum
573 3434 628 3487 eis:
644 3443 672 3488 et
688 3433 779 3489 occisis
796 3435 934 3496 militibus,
951 3435 1158 3502 comprehensam
1174 3431 1278 3486 Dircen
1297 3449 1339 3486 ro-

232 3505 333 3572 galibus
348 3504 401 3556 sois
416 3502 571 3557 ornamentis
587 3503 745 3572 spoliarunt,
770 3505 959 3572 Antiopemqua
977 3503 1085 3555 vinculis
1100 3502 1212 3555 solvunt.
1247 3501 1340 3555 Soluto

231 3574 291 3637 iila,
314 3573 373 3625 liliis
390 3571 457 3637 suis,
481 3572 616 3642 Amphioni
635 3578 661 3624 ct
683 3573 783 3633 Zetho,
805 3573 932 3640 imperet,
955 3572 994 3624 uti
1011 3571 1114 3624 Dircsm
1130 3587 1146 3624 o
1163 3569 1247 3624 madio
1264 3571 1341 3624 tolla-

231 3649 307 3696 τισιν
331 3640 370 3694 illi
386 3656 451 3693 vcro
469 3649 614 3711 correptam
631 3641 700 3694 illam
719 3642 810 3694 Tauro
827 3641 866 3694 illi
882 3639 966 3694 iaroci
983 3640 1105 3708 alligant,
1124 3657 1141 3692 a
1158 3657 1208 3708 quo
1225 3647 1340 3718 raptata,

230 3711 320 3781 periit.
355 3711 460 3762 Taurus
477 3720 578 3773 eutem,
597 3727 630 3763 ax
642 3724 731 3771 cursu,
749 3709 846 3772 sitivits
865 3714 893 3762 et
909 3717 1014 3778 reperto
1026 3711 1114 3773 sonte,
1133 3707 1260 3761 bibiturus
1276 3708 1342 3760 asti·

231 3782 275 3834 tit.
310 3779 431 3847 Contigit
447 3788 549 3843 autem,
567 3787 596 3832 ut
612 3787 689 3847 rupto
707 3781 782 3842 fune,
808 3778 901 3831 Dirces
918 3776 1031 3831 cadaver
1047 3794 1131 3847 prope
1147 3777 1246 3830 iontem
1264 3775 1341 3830 istun

232 3848 354 3902 relictum
368 3848 495 3916 jacuerit:
526 3847 594 3900 unde
611 3848 644 3900 ab
662 3847 790 3915 indigenis
808 3849 864 3900 lons
882 3847 947 3910 ists,
971 3846 1075 3907 Dirce,
1090 3861 1171 3914 usquo
1189 3845 1274 3898 adhuc
1291 3861 1341 3899 vo·

232 3925 306 3970 ntus
322 3923 369 3969 cst.
404 3918 468 3969 Post
490 3917 556 3969 haec
572 3917 669 3970 Zethus
695 3924 723 3968 et
740 3915 866 3984 Amphion
884 3925 992 3968 matrem
1010 3913 1148 3984 Antiopam
1172 3912 1222 3966 sibl
1238 3931 1341 3966 summr-

232 3993 289 4049 tes,
305 3986 333 4038 in
347 3985 479 4038 Boeotiam
497 3985 606 4054 patriam
623 4002 693 4038 suam
709 3986 850 4053 fugerunt:
869 3985 914 4036 ubi
932 3983 1025 4036 deinde
1041 3981 1147 4036 Boeotis
1164 3981 1341 4036 innotuerunt.

232 4055 353 4123 Nycteus
365 4063 467 4118 autem,
486 4069 550 4107 avus
563 4071 666 4118 eornm,
685 4053 812 4107 Boeotiae
829 4071 892 4118 rex,
911 4059 999 4106 aetate
1013 4054 1068 4121 jum
1085 4049 1210 4120 grandior
1223 4068 1256 4104 εκ
1273 4067 1342 4104 mor-

233 4125 268 4176 bo
286 4121 401 4176 interiit:
427 4129 487 4192 post
502 4124 577 4191 cujus
592 4123 707 4187 obitum,
731 4121 826 4176 Boeoti
842 4139 927 4174 omnes
943 4121 1110 4191 Amphionem
1127 4128 1155 4173 et
1171 4119 1282 4172 Zethum
1298 4135 1345 4172 ro·

199 4238 203 4248 ,
234 4194 350 4261 gabant,
371 4190 414 4245 uti
429 4193 534 4260 Nyctco
548 4191 624 4260 regi,
648 4209 665 4244 u
688 4189 735 4244 ¹no
753 4207 833 4258 genus
850 4191 993 4256 docebunt,
1012 4189 1060 4260 ipsi
1077 4191 1104 4242 in
1121 4205 1202 4257 regno
1220 4187 1343 4242 succedo-

235 4268 304 4318 reut.
337 4261 431 4332 ltaque
447 4260 534 4330 Reges
549 4261 654 4315 salutati
670 4210 765 4336 lidusioi
781 4260 823 4324 hi,
846 4259 975 4331 Amphion
992 4267 1021 4314 et
1036 4259 1148 4326 Zethus,
1172 4256 1278 4312 Boeotis
1294 4256 1343 4310 im-
