2950 4817
199 300 313 343 arran
589 256 939 331 PROLEGObOENA.

283 440 440 506 xxxvss.
483 440 523 501 Ut
544 460 583 501 ex
603 437 689 499 hiaoe
708 444 837 517 apparet
856 435 1008 496 'latorem
1025 441 1165 494 nostrum
1181 426 1225 492 'ex
1236 428 1321 491 Sari-

198 548 338 630 ptoribus
359 543 426 604 aliis
446 542 594 603 verbatim
616 540 790 601 exscribere
810 539 924 614 solere,
955 537 1089 617 adeoque
1110 556 1169 595 non
1189 554 1254 595 esse
1266 554 1322 595 ne-

199 649 358 713 cessarium
381 654 416 705 ut
438 646 491 705 illa
505 663 583 725 quae
597 642 751 703 habentur
764 641 796 700 in
816 638 963 703 curam
981 642 1051 703 Pas.
1065 638 1234 699 cumillins
1249 656 1323 697 ver·

199 754 246 813 bis
259 746 471 821 consonantia,
494 764 533 806 ex
546 744 600 806 illo
620 746 833 805 existimentur
853 752 990 821 snmpta3
1010 740 1055 801 sic
1072 740 1129 803 alia
1143 749 1214 800 snut
1226 760 1324 819 quae-

78 888 83 895 *
200 856 268 917 dem
284 852 448 935 peculiaria
465 857 639 929 arguments
658 869 735 928 quae
750 849 803 909 illa
815 845 970 929 speciatim
982 864 1045 904 non
1057 844 1151 905 iniere
1167 862 1207 901 ex
1217 862 1253 901 eo
1267 840 1324 901 de·

201 957 315 1039 scripta
330 954 519 1015 confirmant.
561 950 628 1011 Hoc
650 952 683 1011 in
707 952 815 1033 primis
838 948 1019 1023 notandum,
1039 948 1071 1007 in
1086 945 1238 1025 aliquibus
1250 943 1324 1003 illo-

200 1081 270 1121 rum
281 1060 435 1132 locorum,
458 1074 617 1135 quaecum
639 1052 671 1113 in
684 1053 798 1115 Nostro
814 1062 878 1113 tum
894 1052 926 1111 iu
941 1049 1090 1111 Chronico
1107 1045 1250 1109 Pasolaali
1261 1046 1323 1106 lsa-

201 1163 332 1237 bentur,
354 1158 497 1219 advocari
509 1156 681 1235 Scriptores
696 1154 846 1236 Latinos5
868 1176 945 1235 quos
963 1174 1002 1213 ex
1018 1152 1111 1212 dictis
1124 1150 1324 1231 conspicuam

201 1265 339 1327 redditur
353 1282 421 1322 eum
444 1260 545 1341 ipsum
558 1278 714 1338 nunqnam
729 1259 846 1336 legisse.
892 1258 942 1316 Sic
959 1256 992 1315 in
1007 1255 1186 1315 Narratione
1198 1253 1239 1313 de
1253 1248 1324 1312 Ro-

201 1365 283 1428 malo
308 1376 339 1426 et
358 1362 461 1425 Roma
486 1362 641 1443 praedicta
673 1361 809 1422 citantur
837 1356 1000 1440 Wrgiliaa,
1036 1354 1170 1425 Plinius,
1204 1353 1324 1430 Liuias,

201 1472 336 1548 itemque
359 1466 498 1527 Liciniae
519 1462 726 1525 Romanorum
753 1460 1017 1542 Chronograplsase
1044 1480 1101 1540 pro
1125 1476 1255 1537 quorum
1271 1476 1324 1515 sa-

204 1573 304 1632 cundo
328 1581 359 1631 et
376 1567 467 1629 tertio
490 1566 571 1647 apud
588 1561 758 1627 chronicon
770 1561 882 1624 Posala.
904 1582 945 1622 ax
966 1562 1164 1640 corruptione
1181 1561 1325 1637 leguntur

203 1671 388 1756 Apollonias
402 1680 432 1729 et
448 1666 569 1729 Siluius·
608 1668 647 1741 ,ln
668 1669 738 1727 loon
752 1666 806 1747 qui
818 1667 880 1744 egit
892 1664 931 1725 de
943 1660 1159 1746 chlamydibus
1169 1658 1328 1721 Romano·

204 1796 269 1835 ram
293 1774 404 1833 citatur
426 1767 623 1851 (Suetonius)
647 1765 862 1851 Tranquillas,
884 1766 940 1845 qni
968 1775 1000 1826 at
1021 1766 1091 1825 loca
1113 1762 1222 1825 eodem
1240 1760 1327 1842 apud

206 1874 374 1938 Chronican
387 1870 495 1933 Paacb.
511 1870 681 1949 adducitur,
696 1869 798 1948 idque
815 1868 920 1927 addito
935 1868 1056 1929 nomine
1068 1866 1220 1943 Suetonio,
1239 1862 1327 1945 quud

205 2002 223 2039 a
237 1980 347 2038 Nostro
363 1994 425 2034 non
441 1976 642 2053 agnoscitur..
667 1970 901 2032 Observandum
923 1968 1073 2037 necundo,
1097 1966 1226 2049 quadiu
1244 1968 1328 2028 mul-

205 2080 243 2141 tis
263 2099 369 2141 aarum
387 2078 524 2137 locorum
546 2097 623 2157 qnae
643 2077 674 2135 in
695 2072 808 2134 Naatro
829 2071 921 2132 simul
941 2081 973 2131 et
985 2069 1130 2132 Pascbali
1148 2079 1327 2146 occurrunt,

205 2182 343 2261 quamvis
365 2180 474 2259 partim
498 2179 684 2240 adverbum
711 2174 912 2247 conveniant,
939 2172 1091 2233 habeatur
1115 2184 1217 2234 umen
1240 2172 1327 2253 apud

208 2278 354 2345 Paaclale
367 2283 512 2341 nonnulla
534 2301 611 2361 qnae
629 2278 711 2340 nulle
734 2278 785 2337 vel
797 2276 831 2335 vi
846 2275 897 2336 vel
911 2283 976 2335 arte
991 2294 1030 2335 ex
1043 2273 1155 2336 Naana
1168 2274 1328 2356 potuerint

109 2390 111 2397 '
206 2384 285 2445 elici.
328 2382 364 2443 ln
381 2380 531 2461 aliquibus
548 2378 795 2447 Narrationibua,
816 2386 853 2437 ut
866 2375 904 2435 in
923 2377 982 2437 illis
1002 2376 1041 2435 de
1057 2373 1267 2437 Valentiniani
1284 2376 1328 2438 ad

205 2485 368 2566 Imperium
383 2482 568 2558 elevatione,
589 2482 627 2541 de
639 2478 745 2561 plavia
758 2476 894 2539 Cinaram
907 2478 964 2537 eub
977 2476 1094 2554 laeana,
1116 2478 1215 2557 deque
1226 2490 1326 2541 morta

206 2585 330 2663 latini,
354 2605 415 2664 quo
434 2607 531 2645 mense
548 2604 610 2664 quo
633 2580 681 2641 die
697 2581 887 2657 contigerint
906 2580 990 2661 apud
1005 2577 1150 2644 Paselale
1162 2581 1327 2647 memoriae

206 2689 419 2765 coneignstur,
443 2704 511 2744 eum
533 2693 632 2743 tamen
655 2683 694 2741 de
715 2697 843 2761 tempore
858 2680 939 2760 apud
951 2680 1095 2742 Nostram
1107 2682 1222 2741 mentio
1233 2683 1327 2745 nulla.
1422 2694 1426 2708 '

207 2788 287 2864 Quin
303 2798 335 2849 et
348 2795 419 2847 sunt
432 2804 510 2864 quae
521 2778 559 2864 ι)
572 2782 778 2864 conjiciuntur
797 2780 881 2862 apud
893 2780 1044 2843 Posalale
1061 2780 1102 2841 ad
1115 2793 1215 2845 cenos
1230 2804 1326 2846 anuos

210 2980 421 2993 m

277 3123 307 3180 8.
323 3122 498 3189 Hieronymus
520 3120 548 3174 in
565 3120 695 3175 chronica
720 3120 884 3187 Eusebianoe
921 3122 997 3188 Quae
1020 3122 1205 3195 (bsmeutia)
1218 3131 1329 3195 propter

274 3210 498 3279 palchritudinem
526 3214 552 3261 et
574 3210 751 3277 rapacitatem
772 3211 888 3277 arpena
909 3212 1060 3278 quautaasi
1084 3210 1160 3280 lupa
1183 3228 1203 3263 a
1228 3212 1328 3265 Viciais

276 3296 470 3365 appellabatur.
508 3294 583 3348 Unde
600 3296 637 3347 ad
652 3304 770 3348 nostrane
785 3296 939 3348 nomenata
958 3296 1123 3350 naseam
1139 3297 1250 3349 eadam
1266 3297 1328 3351 La-

275 3380 387 3449 panarie
404 3381 533 3432 dicuntw.

243 3464 1328 3625 ¹³tunt:ttutztitttntutwtttnn

1006 3572 1021 3608 e
1074 3572 1185 3611 nauscae
1319 3595 1326 3612 .

278 3642 308 3690 et
328 3635 483 3702 Vespasiani
497 3638 576 3689 salias
596 3639 779 3690 cosmidum.-
812 3640 978 3714 Tasuaooaqi
992 3637 1101 3710 hadra
1119 3640 1174 3697 itas
1190 3650 1243 3701 eia.
1266 3660 1327 3698 curn

278 3724 366 3773 umen
381 3718 409 3771 in
425 3720 521 3773 Neutro
538 3738 662 3791 expraese
674 3724 843 3791 perhibeatur
859 3726 1003 3797 antitiste
1018 3728 1047 3782 id
1066 3737 1169 3799 geatam
1183 3746 1250 3785 amo
1265 3736 1329 3801 post

279 3804 412 3859 Christum
430 3814 588 3873 assumptura
604 3808 755 3863 xxxvtu.
778 3812 960 3883 annom-at
977 3816 1049 3883 Rasa
1066 3815 1142 3870 Coss.
1160 3816 1206 3886 qui
1221 3816 1328 3886 qnidam

279 3892 448 3947 mans
462 3892 605 3961 gerebant,
624 3900 718 3949 autore
735 3898 905 3965 Gasaodaee,
921 3907 984 3969 pest
999 3908 1103 3972 captam
1120 3902 1327 3971 Hierusolymam

278 3978 399 4033 taneta
434 3976 476 4030 De
498 3976 551 4031 illia
569 3980 696 4034 Paselaale
718 3980 819 4037 annino
843 3985 914 4037 silet
947 3984 1029 4055 cujas
1054 3988 1223 4043 Narrationis
1246 4004 1327 4057 praa-

276 4068 352 4117 terea
368 4078 431 4133 pars
447 4080 542 4131 magna
557 4062 586 4116 in
605 4064 697 4121 Codice
709 4069 881 4123 Haleteaa'aao
898 4072 957 4139 (uti
972 4078 1035 4126 ante
1050 4078 1182 4127 ostmsum
1199 4072 1260 4141 est)
1279 4072 1328 4127 ‹la-

279 4150 419 4204 sideratar·
455 4148 495 4202 Ad
513 4151 621 4205 eundem
645 4168 738 4207 annam
755 4156 782 4208 in
800 4156 924 4209 Paeelata'
941 4158 1057 4211 retertur
1079 4174 1137 4213 onas
1156 4159 1218 4228 Opn'
1235 4161 1327 4215 Patri·

278 4236 313 4292 sii
330 4234 459 4301 dedecus,
477 4242 531 4289 tun
548 4244 735 4306 immutatae,
759 4240 805 4311 qui
821 4241 966 4312 imperante
984 4243 1246 4313 mansionare
1263 4262 1327 4302 can·
