2950 4817
510 284 869 358 anrorsruouss
1164 293 1243 372 025

129 454 241 518 tellitio'
253 456 398 538 stipatum
412 477 481 522 eum
495 457 622 522 Versdis
641 460 756 540 lugere.
799 463 896 526 immo
914 464 1047 527 summae
1063 467 1167 546 potius
1185 469 1240 531 Za·

128 540 218 601 nonis
230 543 434 624 praestruxisse
447 557 655 624 argumentum
669 545 729 607 hoe
749 551 976 628 ponitAuctor,
999 574 1034 611 eo
1060 555 1158 631 quod,
1180 555 1241 615 lur-

128 637 256 706 perstor
276 628 348 688 licet
369 640 464 705 esset,
487 632 525 690 ad
547 632 731 694 laboriosum
750 631 851 712 huuc,
872 637 1024 715 vilemque
1044 639 1172 700 Cursum
1188 641 1241 700 de·

129 713 305 785 scanderet,
339 724 430 792 etque
459 716 565 792 ἵπποις
591 714 805 801 οοχοδρόμοις,
834 722 898 782 sive
923 721 1062 800 Veredis,
1082 745 1110 782 a
1133 745 1241 785 socrus

127 817 201 858 suae
214 797 333 858 insidiis
346 801 438 863 suem
453 821 487 862 se
501 803 692 864 subduceret.

218 904 290 982 Peg.
314 905 386 968 879.
408 908 438 968 7.
461 898 805 984 estrumentum]
828 905 928 966 Verba
948 905 1041 985 haec,
1064 919 1095 970 et
1114 930 1241 992 praece·

129 983 231 1045 dentis
244 1007 260 1044 s
274 987 394 1046 llsdero
409 988 536 1067 pessime
549 999 724 1066 venustus,
748 992 797 1051 cui
813 991 846 1050 in
858 1001 987 1052 mentem
1004 1013 1064 1055 non
1077 997 1169 1075 venit,
1186 999 1240 1076 εἰς,

130 1089 199 1132 cum
213 1073 400 1150 accusativo,
421 1071 482 1132 hoe
493 1075 582 1155 loco,
602 1085 638 1136 ut
650 1087 681 1136 et
696 1077 766 1138 alibi
780 1077 1020 1156 frequentissime
1040 1099 1097 1159 pro
1109 1081 1144 1144 ἐν
1157 1083 1240 1161 poni.

219 1175 291 1255 rag.
313 1177 387 1240 879.
412 1179 462 1240 10.
484 1172 539 1240 τάν
552 1171 643 1240 αὐτὸν
655 1172 845 1260 Appium]
867 1178 1009 1241 Armatus
1023 1180 1096 1260 iste,
1120 1194 1150 1244 et
1165 1170 1242 1245 ffer-

129 1257 257 1335 matius,
279 1279 295 1318 a
309 1259 514 1340 scriptoribus
524 1263 610 1323 varie
624 1263 723 1324 dictus
737 1273 791 1326 ess

220 1363 291 1441 Peg.
314 1363 389 1426 380.
412 1361 441 1428 4.
471 1361 537 1424 Est
556 1367 612 1444 τῆς
632 1362 780 1438 doccatur
797 1364 1007 1448 Osvdspipov]
1031 1367 1113 1428 Nihil
1127 1370 1242 1432 miuus:

131 1445 212 1504 Zeno
226 1449 302 1504 enirn
320 1446 359 1504 ad
376 1447 666 1529 Constantinopolim
682 1470 823 1510 reversus
838 1460 896 1526 est,
918 1451 965 1510 vel
979 1452 1124 1513 Basilisco
1139 1467 1171 1516 st
1186 1459 1244 1518 dr·
1260 1448 1263 1456 ¹

129 1539 212 1590 mato
228 1531 311 1592 Coss.
326 1533 376 1590 vel
396 1554 473 1592 anno
493 1542 654 1612 sequente,
677 1555 739 1614 quo
761 1536 811 1593 vel
830 1533 907 1594 nulli
927 1546 1013 1595 erant
1025 1539 1184 1617 Consules,
1206 1550 1243 1603 ut

128 1615 322 1676 Marcellinus
338 1615 461 1694 Comes,
483 1618 534 1675 vel
547 1617 688 1688 Armatus
702 1619 786 1678 solus
801 1619 996 1679 Consulatum
1012 1625 1117 1699 gessit,
1140 1636 1175 1684 ut
1186 1625 1243 1685 vi-

128 1709 197 1760 ctor
212 1701 292 1774 vult3
315 1721 408 1780 quum
428 1699 634 1773 Theudoricus
654 1723 716 1762 non
741 1711 809 1762 ante
829 1705 990 1783 septimum
1008 1703 1153 1786 posthaec
1160 1755 1169 1786 ,
1191 1711 1243 1770 vel

129 1780 272 1845 octauum
290 1807 401 1845 annum
417 1787 457 1845 ad
470 1786 667 1848 Consulatum
679 1798 848 1870 provectus
859 1789 960 1855 luerit.
982 1789 1059 1852 Vide
1072 1792 1139 1853 Chr.
1154 1795 1241 1860 Alex.

127 1869 298 1946 Victorem,
321 1881 352 1930 et
367 1869 584 1932 Marcellinum.

214 1955 292 2038 Peg.
319 1959 391 2024 880.-
415 1961 465 2022 13.
488 1955 545 2054 οιαὶ·
562 1949 729 2038 ἆνεχρίσθη
750 1950 911 2041 siusium]
933 1951 1070 2058 druppis
1094 1955 1241 2023 hocloco

128 2061 211 2100 novo
231 2041 320 2122 plane
340 2061 430 2100 sensu
450 2049 616 2122 socrprtnr,
638 2062 713 2121 pro,
735 2038 862 2104 obturo:
885 2062 946 2123 quo
969 2056 1060 2106 etiam
1079 2047 1170 2110 modo
1183 2073 1240 2114 sso-

131 2127 244 2210 puppim
258 2127 322 2186 lere
337 2135 503 2208 usurpatur
517 2149 534 2186 a
546 2125 590 2186 lo.
605 2126 712 2186 Tzetze
728 2127 807 2190 chit.
822 2132 850 2192 1.
864 2127 940 2194 Hist.
961 2130 1012 2196 14.

296 2223 410 2292 Μόνον
424 2225 458 2293 δὲ
469 2225 580 2304 ταύτας
591 2235 757 2310 παρελθεῖν
770 2228 848 2308 ‹puol
861 2224 914 2294 τὸν
931 2229 1077 2310 Οδυσσέα,
1121 2283 1127 2291 .

296 2307 395 2399 Κήρςο
409 2311 465 2395 μὲν
476 2314 700 2396 cosmidum
714 2309 753 2388 roi
765 2317 831 2377 coir
840 2313 969 2398 ἑταίρων
985 2308 1057 2380 eise·

214 2417 295 2495 Pvg·
319 2421 392 2482 880.
415 2422 468 2482 28.
491 2417 551 2490 Εἰς
570 2409 710 2494 Εὕχᾶϊτοι
730 2415 775 2488 εἰς
796 2411 854 2494 τὴν
866 2410 1055 2497 flammeis]
1077 2417 1156 2477 Urbs
1168 2416 1244 2478 haec

128 2499 216 2560 varis
237 2502 320 2560 diets
340 2511 400 2574 eat,
432 2497 470 2564 rol
492 2494 644 2582 Esixoi's're.
666 2511 702 2560 ut
722 2499 785 2560 hoe
808 2501 890 2574 loco,
912 2513 943 2560 et
959 2501 1042 2584 apud
1058 2503 1242 2564 Cedrenums

128 2579 318 2665 ήΕὕχοΐτοι,
342 2595 372 2646 et
387 2580 527 2667 Εὔχοὶνια
544 2587 633 2646 etism
655 2585 782 2663 legitur,
803 2585 887 2664 apud
904 2587 1062 2649 Zonaram.
1104 2587 1244 2648 Theodo.

128 2671 249 2750 repetis
263 2682 363 2732 autem
377 2672 437 2732 alio
451 2671 572 2734 nomine
587 2669 730 2750 deinceps
746 2680 854 2732 veeste
870 2680 933 2744 est,
954 2671 1002 2731 uti
1021 2671 1099 2731 idem
1115 2682 1244 2733 testatur

128 2757 215 2817 Tum.
230 2763 260 2820 2.
272 2756 429 2818 intonsus
453 2759 589 2818 Zimiaoa.
640 2755 799 2818 Caeterum
820 2755 974 2816 Cedrenus
998 2757 1121 2816 Petrum
1139 2757 1242 2816 Fullo-

124 2861 197 2900 nem
211 2863 229 2900 s
242 2843 361 2902 Zenone
374 2844 405 2902 in
422 2843 527 2922 Pityos
543 2842 719 2919 relegatum,
740 2842 782 2900 sd
798 2843 829 2900 S.
843 2839 1037 2902 Theodorum
1049 2861 1124 2902 vero
1138 2841 1171 2902 in
1186 2843 1244 2902 Eu·

127 2925 240 2986 chuitis
256 2928 332 2988 clam
344 2927 512 3007 consssgisso
528 2927 645 2988 asserit.

215 3007 290 3092 Pug.
318 3016 391 3078 881.
412 3019 442 3079 2.
462 3006 580 3092 ἐσφάγη
601 3009 621 3074 d
639 3010 804 3084 ἐπίσκοπος
817 3007 1003 3090 latomos]
1025 3011 1136 3072 Eadem
1150 3012 1246 3072 refert

126 3098 294 3176 Euagrius,
316 3107 348 3158 at
360 3117 398 3158 ex
419 3117 454 3157 ec
471 3096 675 3178 Nicephorius
698 3097 758 3156 nisi
779 3097 879 3175 quod,
900 3097 955 3156 ubi
975 3099 1086 3156 Noster
1106 3119 1124 3154 a
1145 3098 1243 3172 Clare,

126 3182 206 3242 illie
223 3182 339 3262 populo
357 3181 545 3244 Antiocheno
565 3179 752 3262 Stephanum
770 3181 903 3242 occisum
924 3201 990 3242 esse
1010 3182 1143 3242 tradunt.
1188 3182 1244 3240 Ubi

128 3267 231 3328 obiter
251 3267 431 3343 notandum,
452 3267 616 3348 Nicephori
636 3267 833 3346 Interpretesn
853 3267 961 3339 παῖδες
974 3265 1161 3345 Αντιοχέων,
1183 3285 1243 3344 qua

127 3372 207 3412 voce
220 3351 409 3432 Nicephorus
424 3373 494 3414 cuns
509 3352 639 3432 Evagrio
654 3370 728 3413 usus
743 3359 805 3430 est,
826 3347 1011 3412 Antioolsmi
1020 3352 1120 3432 pueri,
1142 3350 1245 3431 inepte
1319 3383 1325 3404 ι
1454 3362 1455 3371 ’

126 3437 306 3500 reddidisse.

218 3523 296 3605 Pflg·
318 3527 392 3590 882.
414 3528 443 3589 1.
466 3521 509 3598 cic
532 3527 573 3610 τῇ
593 3522 652 3610 lusi
675 3513 1244 3607 βασιλείᾳ,φησ1,πιστοφυλοὶξας.]

129 3608 204 3668 Chr.
221 3609 309 3670 Alex.
325 3607 429 3684 habet,
451 3613 566 3694 πῶςηῑ
585 3608 645 3694 ἐμῇ
658 3611 725 3690 doe.
749 3602 840 3671 erosit
862 3605 1006 3684 φυλάξει·
1031 3602 1071 3664 sd
1097 3625 1187 3682 quam
1201 3605 1246 3664 ls-

129 3695 263 3754 ctionem
281 3695 422 3754 Codicem
436 3697 527 3756 etism
548 3704 685 3754 nocuum
698 3693 760 3754 MS.
779 3691 895 3753 recenti
908 3711 999 3751 manu
1013 3700 1186 3750 correctum
1197 3690 1245 3749 in-

126 3780 212 3840 veni.
256 3779 413 3840 Caeterum
427 3780 481 3840 ubi
500 3799 605 3840 sensus
625 3779 733 3860 aliquis
750 3777 823 3839 inde
844 3776 914 3838 elici
931 3775 1064 3856 poterit,
1084 3773 1244 3834 lectionem

126 3875 263 3927 veterem
276 3863 407 3926 retinere
422 3867 516 3925 satius
528 3874 584 3930 eat.

220 3955 292 4032 Peg·
314 3953 387 4016 882.
409 3956 441 4014 6.
462 3947 538 4014 sosoi
553 3945 760 4027 addixisses]
784 3945 855 4010 Chr.
876 3946 965 4008 Alex.
984 3943 1101 4018 habet,
1122 3938 1244 4008 needed

132 4029 280 4116 δόκιμον,
308 4045 468 4116 corrupte:
502 4033 584 4115 quod
605 4056 621 4094 a
641 4033 761 4094 Radere
781 4033 935 4103 redditur,
964 4032 997 4091 in
1018 4031 1158 4111 speciem,
1188 4038 1245 4089 etc.

132 4123 293 4182 Caeterum
307 4115 342 4182 τὸ
357 4121 491 4201 Aisepos»
505 4120 569 4182 leci
585 4119 746 4201 cujusdam
761 4119 848 4178 Circe
864 4117 958 4178 vicini
972 4135 1082 4176 nemen
1094 4113 1186 4173 fuisse
1201 4114 1246 4170 vi-

131 4207 234 4266 detur.
276 4204 420 4267 Occurrit
434 4207 542 4268 iterum
562 4207 657 4282 insra,
677 4203 731 4264 ubi
743 4203 782 4263 da
796 4203 853 4263 lllo
870 4204 907 4262 ab
924 4201 1121 4282 Imperatrice
1129 4196 1247 4258 insidiis

131 4291 231 4373 petito
248 4291 358 4352 mentio
369 4292 448 4352 iacta
465 4301 525 4355 ests
546 4291 599 4357 sel
616 4294 750 4356 usam
771 4282 939 4373 dyoploov,
961 4285 1003 4361 οἷς
1026 4279 1179 4367 dolorosas
1194 4278 1246 4346 ded

184 4384 294 4438 loannes
322 4383 451 4440 Mutatus.
