2950 4817
521 253 879 330 ANNQTATIONES.
1169 263 1247 340 643

137 413 223 496 ctare
236 433 343 496 desua
358 433 471 498 inserts
486 443 572 512 suat,
603 432 720 514 inepte,
756 437 788 494 et
802 444 908 494 contra
927 441 993 496 turn
1013 435 1101 498 verbi
1119 455 1250 517 unsara,

136 532 202 582 taur
217 521 361 582 Auctoris
374 523 482 601 nostri,
504 542 543 581 ex
555 540 617 602 qao
630 520 687 580 ista
705 518 888 600 desumpsit,
909 531 1049 585 mentem.

224 627 298 705 Peg.
323 629 395 690 180.
411 629 471 690 22·
499 621 674 704 δμο1χτυσεν
689 619 708 684 d
716 617 787 696 υἱός
798 627 856 685 τοῦ
874 626 1048 704 Ταρκυνίου
1060 621 1077 689 d
1090 624 1252 705 Αρἆουνς]

135 708 287 785 Lucretia,
308 729 370 768 non
387 708 425 768 ab
441 709 568 787 Aruute,
589 707 643 770 sed
655 729 670 766 a
683 707 851 789 Tarquinia
863 710 966 788 Sexto,
988 710 1162 791 Superbib'.
1175 721 1252 772 natu

135 793 407 876 minore-stuprata
422 794 490 855 tuit.
582 795 587 802 ’
1189 823 1195 838 =

225 899 300 976 Peg.
325 899 397 962 181.
420 900 469 962 13.
491 899 556 959 τοῖν
570 891 738 980 monum
751 895 957 979 Κελεριανῶν]
979 894 1182 980 Κελεριανούς
1195 917 1251 958 ro-

133 988 200 1125 ppt,
224 999 303 1060 quos
312 981 444 1060 Plinius,
469 977 596 1056 Celeres,
618 978 829 1059 Fleoeumirsrr,
852 981 954 1060 idest,
974 983 1063 1045 Leria
1082 993 1252 1045 armaturae

161 1067 268 1146 quites.

221 1171 295 1248 Pssg·
319 1165 463 1234 181.14.
504 1163 538 1232 vd
559 1163 744 1250 τραιιτευθὲν
764 1159 832 1229 κατ’
853 1161 970 1251 mirari]
997 1165 1197 1252 coenredopas
1220 1180 1252 1232 et

132 1253 318 1332 τρακταΐζοτ,
340 1274 357 1312 a
374 1253 480 1313 Latino
505 1253 630 1329 Tracta,
653 1253 818 1314 Consilium
835 1251 874 1314 de
888 1276 922 1315 re
936 1258 1078 1336 quapiam
1090 1258 1174 1318 ineo:
1195 1278 1248 1314 oc-

133 1337 233 1398 currit
254 1339 444 1418 saepiuscule
459 1340 539 1399 inlra
561 1339 645 1418 apud
665 1341 826 1400 Auctorem
841 1349 994 1410 nostrum,
1016 1351 1051 1396 ut
1071 1341 1190 1403 tib.12.
1215 1361 1248 1417 p.

132 1427 210 1492 289.
230 1416 321 1508 ιιᾷκεῖ
340 1417 437 1486 αυτοῦ
458 1419 631 1506 διάγοντος,
651 1423 704 1487 καὶ
725 1421 764 1488 cd
782 1426 842 1487 τοῦ
859 1423 993 1501 πολέμου
1010 1423 1247 1501 τρακταῖζοντος,

133 1505 247 1588 συνέβη
265 1516 322 1570 etc.
370 1507 429 1568 Ubi
446 1530 500 1589 per
514 1507 643 1591 hyemem
667 1504 879 1571 commoranti,
914 1526 1045 1586 quaeque
1065 1503 1108 1564 ad
1136 1505 1247 1568 bellum

132 1589 307 1686 rpeptaburrt
317 1593 523 1673 pertractanti,
543 1593 616 1665 sive,
638 1593 675 1646 de
689 1591 730 1647 eis
746 1585 937 1662 consultanti,
958 1585 1071 1650 accidit
1086 1599 1142 1652 etc.

220 1696 295 1773 Pag.
318 1696 389 1758 181.
410 1697 464 1759 20.
486 1691 626 1764 ὅὸοὕλος
641 1693 698 1752 τοῦ
709 1683 847 1771 Βρούτου
866 1689 1040 1769 Βινδίιιιος]
1062 1693 1129 1753 Non
1147 1694 1245 1773 Bruti,

132 1775 188 1838 sod
206 1773 398 1858 Aquiliorum
424 1775 650 1858 conjuratorum
672 1793 778 1836 servus
796 1783 862 1837 erat
875 1775 1043 1840 Vindicius.
1086 1779 1164 1842 Vide
1177 1782 1247 1842 Plu·

131 1860 229 1924 tarcb.
248 1863 281 1920 in
296 1859 462 1924 Publicola.

217 1960 298 2043 Peg.
321 1967 393 2030 182.
415 1966 447 2027 7.
472 1953 688 2042 ψηφισάμενοι
701 1958 734 2026 ἓν
754 1955 897 2042 τρόποις]
920 1961 954 2028 ἓν
968 1959 1116 2047 κρότοις,
1137 1975 1169 2026 et
1182 1987 1246 2028 sse-

130 2067 172 2130 pe
201 2048 292 2110 etiam
316 2041 466 2128 πρώτοις,
496 2047 576 2108 inira
608 2046 702 2134 apud,
723 2055 878 2110 auctorem
902 2060 1060 2122 nostrum,
1088 2050 1247 2133 inprimis,-

131 2133 243 2194 deinde
258 2125 544 2213 δισιγνιτειίοαντες,
574 2131 765 2212 designantes
771 2154 782 2210 ς
810 2129 1077 2217 δεοιγνατεῦεοθατ
1091 2138 1246 2214 scribitur,

129 2219 166 2279 in
179 2219 278 2280 Gloss.
289 2216 447 2279 Basilicor.

217 2305 297 2384 Peg.
322 2305 393 2368 182.
415 2303 466 2370 24.
488 2297 629 2376 deluerit·
645 2294 730 2388 edroi
740 2302 793 2366 ιια1
808 2295 898 2380 ulliae
914 2299 1048 2386 τόμητος
1059 2304 1134 2385 eta]
1155 2305 1247 2366 Vides

127 2387 260 2465 Lector,
283 2407 373 2468 quum
388 2387 554 2448 honorilice
565 2407 635 2448 cum
649 2389 792 2450 Vindicio
812 2390 875 2468 agit
890 2401 998 2452 auctor
1009 2401 1130 2452 noster:
1151 2391 1248 2452 miror

88 2525 93 2534 .
129 2483 233 2534 tomen
248 2494 307 2554 quo
322 2483 463 2549 auctora,
483 2473 542 2534 ista
564 2473 740 2554 protulerit.
783 2475 936 2536 Libertate
951 2475 1073 2556 quidem
1088 2477 1245 2553 donatum,

128 2561 319 2641 pecuniaque
340 2579 380 2620 ex
397 2558 512 2620 aerario
537 2569 763 2620 remuneratum
782 2561 909 2639 legimur
915 2606 926 2638 ,
948 2560 1029 2640 apud
1049 2562 1172 2624 Latinos
1191 2581 1245 2622 su·

130 2655 247 2718 ctores5
269 2665 326 2706 uec
342 2642 459 2724 aliquid
483 2642 621 2724 amplius.
673 2645 778 2707 livius
812 2645 835 2706 l.
856 2653 887 2713 2.
932 2641 1101 2706 Secundum
1114 2667 1244 2726 poenum

128 2731 313 2800 nocentium,
335 2743 369 2788 ut
381 2729 414 2790 irs
433 2743 714 2812 utramquepartem
733 2727 873 2791 arcendis
895 2728 1054 2792 sceleribus
1074 2727 1243 2812 exemplum
1308 2785 1312 2792 .

129 2811 231 2876 nobile
251 2827 338 2892 erret,
357 2814 523 2895 premium
542 2811 656 2890 indici,
679 2815 807 2896 pemeria
832 2835 876 2874 erc
894 2817 1031 2891 ιιιτοτίο,
1054 2812 1193 2890 libertos,
1215 2829 1244 2875 et

16 2911 19 2920 '
129 2899 239 2960 οἰυίιαο
255 2895 388 2962 donator
410 2907 440 2958 et
454 2896 577 2975 deinde,
597 2913 666 2980 porr
685 2895 774 2959 illum
788 2895 972 2960 obseruatum
982 2944 992 2979 ‚
1012 2913 1046 2960 ut
1066 2902 1184 2984 quiite
1197 2897 1243 2962 li-

129 2980 228 3043 berati
241 2997 349 3056 essent,
371 2984 404 3044 in
419 2985 566 3044 ciuitatem
580 2985 696 3066 accepti
708 2980 882 3045 viderentur.

218 3071 292 3147 Pag.
315 3069 388 3132 188.
415 3075 443 3133 1.
466 3071 630 3144 Κονσ11ιοι,
653 3063 731 3150 ἅπερ
747 3064 949 3149 ἑρμηνεύεται,
970 3073 1106 3150 τ’ταροχῆς
1119 3068 1239 3151 ἡμέρας]

128 3149 218 3212 Nova
232 3149 309 3212 haec
322 3151 462 3212 vocabuli
488 3151 580 3235 hujus
603 3153 831 3234 interpretatio,
858 3155 1060 3235 &manisque
1077 3155 1240 3233 incognita.

130 3235 215 3311 Quid
233 3236 260 3296 ei
274 3233 410 3318 παροχή,
430 3257 493 3296 non
511 3237 679 3320 ατταρὲχορ,
702 3237 791 3298 seda
811 3233 945 3320 πάροχος
963 3240 1127 3302 deductum
1148 3241 1243 3301 uellet

129 3329 242 3382 auctor
260 3323 389 3384 noster?
418 3323 493 3386 adeo
512 3334 547 3385 ut
567 3345 645 3402 nou,
673 3321 901 3404 Largirionem,
932 3325 988 3385 sed
1013 3325 1241 3399 Comemiorrem,

129 3406 293 3484 significet:
328 3405 438 3472 throno
464 3408 543 3469 enim
568 3409 675 3470 eodem
697 3409 815 3468 excelso
846 3409 1029 3472 collocatam
1058 3409 1242 3486 Vindicium,

127 3493 227 3552 Bruto
242 3491 374 3556 assidere
397 3493 480 3559 facit.
521 3493 621 3574 Atque
640 3495 674 3554 in
691 3492 753 3554 boe
771 3512 877 3570 sensu,
903 3493 1066 3559 Consilium
1086 3496 1241 3574 aliquanto

127 3577 238 3638 melius
260 3577 421 3657 quadrabit
445 3599 515 3640 curu
535 3579 604 3642 data
626 3580 889 3661 interpretatione.
938 3581 1049 3646 Verum
1063 3579 1103 3642 de
1118 3578 1180 3642 hoc
1193 3579 1243 3641 vi-

128 3661 354 3728 deauteruditi.

219 3752 291 3831 Pog.
315 3753 387 3816 183.
410 3755 462 3817 12.
486 3745 727 3832 τυραννήσοντες
745 3749 779 3814 ο1
798 3745 926 3828 Γάλλοι]
950 3754 1140 3831 vaporarium
1159 3749 1243 3832 apud

126 3841 283 3910 nostrum,
305 3855 363 3916 pro
386 3857 472 3894 arma
493 3836 525 3896 irr
538 3833 667 3918 aliqroem
681 3859 794 3896 eumen
810 3837 874 3898 sive
890 3837 923 3896 io
937 3832 1068 3919 aliquem
1081 3839 1241 3916 insurgere,

126 3919 241 3998 passim
256 3919 411 4001 usurpari,
435 3918 486 3980 hic
501 3922 591 3981 semel
603 3920 755 3982 monuisse
769 3922 842 3982 satis
856 3921 911 3997 rit,
931 3921 1105 4002 exemplum
1118 3923 1241 3982 unicum

126 4001 181 4064 liic
193 4006 363 4085 proferam,
385 4025 423 4066 cx
436 4005 489 4066 lib.
512 4011 562 4072 16.
580 4027 614 4086 p.
638 4010 712 4074 392.
735 4008 789 4068 ubi
809 4007 848 4068 do
868 4006 1095 4085 Alexandrinis,
1120 4008 1174 4087 qui
1190 4015 1242 4066 tu-

126 4091 313 4154 multuantes
331 4091 519 4152 Praefectum
535 4112 622 4163 suum
636 4091 851 4156 interfecerant
865 4093 959 4154 verbs
980 4093 1109 4170 laneus,
1131 4091 1240 4154 deinde

127 4174 234 4254 addit3
257 4170 469 4260 circoncisione
487 4175 507 4240 d
528 4171 619 4250 ου’τὸς
638 4175 796 4258 βασιλευς,
826 4173 960 4252 nollosir
984 4171 1189 4260 ἐτιμωρήσατο
1206 4176 1238 4252 ἐξ

127 4255 232 4325 αὐτῶν
251 4265 315 4327 τῶν
330 4259 554 4347 metuuntur,
577 4259 620 4340 oie
641 4258 890 4349 τυραννήσαντας
908 4259 963 4330 τον
977 4258 1109 4347 ἄρχοντα
1125 4256 1235 4326 αὐτῶν.
