2950 4817
509 288 867 376 snncrerroues
1159 238 1258 396 'sor'

133 451 329 542 rinadium,
359 479 449 543 quum
473 461 544 540 inse
566 459 740 522 Primatum
764 457 890 528 multum
919 460 1102 547 submittere,
1131 481 1164 526 ut
1190 463 1243 528 tlte

129 544 270 624 princepe
286 565 376 626 qoam
400 545 535 626 maxime
550 541 692 608 excellat.
715 554 771 609 stc.
821 545 988 609 Primatum
1009 545 1152 612 nimirum
1172 571 1243 633 par·

132 627 209 687 tium
224 627 338 706 actori,
359 628 558 715 praecipuum
577 629 699 697 subulae
720 629 895 713 recitandae
911 652 986 692 onus
1000 631 1146 698 incubuit.
1189 631 1243 696 ut.

132 711 261 774 atriones
284 713 377 776 trium
400 711 510 774 horum
540 714 696 788 ordinum,
734 713 1002 798 πρωταγωνιστὴς,
1034 719 1243 801 δευτεραγωνι-

131 793 222 878 στῆς,
245 797 369 860 Graecis
389 798 468 860 dicti
489 808 575 862 suut:
597 793 682 882 cirtio
710 802 789 862 enim
818 803 908 865 etism
940 803 1090 864 actionem
1113 805 1242 865 Fabulae

130 881 164 948 in
179 885 273 944 Soeuu
289 883 453 964 significat:
475 883 556 946 uude
575 884 658 966 apud
678 883 879 967 Hesychium,
900 888 1091 972 Ayuvrcrul,
1113 889 1146 954 oi
1164 887 1242 954 dero-

130 965 246 1050 κριταὶ,
268 969 374 1046 idest,
397 969 509 1048 Mimi,
532 969 596 1030 sive
610 969 792 1034 Histriones.

216 1054 297 1134 Peg·
320 1058 393 1120 314.
424 1061 473 1122 17.
512 1055 556 1130 εἰς
580 1055 704 1138 docerer
734 1051 867 1141 μεγάλην
892 1053 1076 1142 βαλανείου]
1105 1061 1242 1135 couno,

128 1137 286 1216 Revertor,
306 1139 459 1220 βαατζίον,
480 1149 510 1200 et
522 1135 652 1222 Βουτζή,
672 1137 777 1221 liutto,
797 1139 941 1204 Dulium.-
968 1141 1029 1222 hic,
1049 1164 1108 1226 pro
1125 1141 1241 1222 Lucro,

128 1223 263 1302 ponitur.

220 1312 291 1390 Peg·
313 1311 385 1376 315·
408 1313 438 1374 7.
463 1307 519 1384 ἔξω
540 1301 637 1374 οὖσαν
652 1311 820 1390 Δαμασκοῦ
832 1315 887 1390 τῆς
908 1307 1040 1392 πόλεως]
1063 1309 1133 1372 Chr.
1154 1311 1241 1371 Alex.

127 1389 230 1470 hehet,
241 1391 410 1472 ἔξωΙΗλιον
422 1387 548 1472 πόλεως,
564 1393 771 1456 verisimilius:
786 1395 956 1457 Mariamme
971 1397 1142 1457 enimsieus
1156 1395 1204 1456 uti
1211 1407 1241 1456 et

129 1475 312 1558 Heliopolis,
336 1476 530 1554 Phoeuioiesj
564 1480 1055 1582 Damascuss'ero,§yriae1u·bs
1079 1491 1137 1566 est.⁴
1177 1481 1242 1541 Ma·

129 1562 266 1622 riemmia
280 1561 432 1644 Stephano
448 1563 576 1624 dicitur:
599 1567 801 1646 Μαριαμμία,
822 1572 911 1640 croire
927 1568 1092 1630 Φοινίκων.

216 1651 289 1728 Peg.
311 1650 383 1714 315.
411 1654 459 1714 10.
487 1649 715 1730 χειρουργηθεὶς
731 1649 874 1736 τελευτᾷ]
898 1651 1045 1730 Licinius,
1068 1651 1241 1711 aConstan-

130 1729 194 1790 tino
210 1733 313 1792 multis
327 1733 451 1814 praeliis
468 1742 618 1806 tentatus,
640 1734 676 1792 ab
691 1733 795 1794 sudeus
817 1735 937 1796 tandem
955 1737 1077 1817 penitus
1093 1735 1242 1810 devictus,

129 1835 192 1876 sose
208 1816 339 1879 dedidit:
360 1816 470 1878 deiude
487 1837 577 1893 vero,
599 1827 634 1876 ut
647 1819 815 1899 Eutropius
829 1829 976 1899 testatur,
1000 1821 1178 1901 religionem
1194 1841 1242 1879 aa·

129 1903 294 1978 eramenti,
316 1901 549 1962 Thessalonicae
560 1904 699 1982 privatus
714 1903 835 1962 occisus
849 1913 902 1969 est.
976 1970 980 1982 ι

216 1991 287 2068 Peg.
309 1989 384 2056 816·
406 1991 436 2052 3.
461 1985 528 2049 Eut
542 1993 597 2068 τῆς
613 1985 760 2064 ὑπατείας
779 1981 921 2070 Σεβήραυ
940 1987 993 2051 καὶ
1010 1989 1240 2070 Μαξιμιανοῦ.]

130 2067 200 2130 Chr.
217 2070 302 2132 Alex.
318 2070 357 2130 ud
371 2071 559 2131 Constantini
574 2093 684 2132 annum
703 2094 724 2135 r.
757 2073 965 2133 Constantium
986 2075 1071 2134 Caes.
1095 2084 1126 2134 et
1146 2073 1242 2134 Maxi-

127 2155 262 2214 mianum
274 2155 395 2216 lovium
408 2176 438 2216 v.
453 2158 537 2216 Coss.
551 2158 655 2236 pouit3
677 2157 825 2218 Eusebius
839 2179 913 2220 vero
930 2157 1040 2221 nullos..

218 2244 290 2321 Pag.
313 2245 385 2305 816.
410 2246 440 2306 8.
462 2240 526 2303 Καὶ
538 2239 683 2322 ἡττηθεὶς
701 2235 882 2322 &meccedem
897 2238 960 2306 rici>
978 2246 1040 2305 reio
1053 2232 1241 2321 Βαρβάρων]

126 2325 191 2385 Alii
210 2326 332 2386 omnino
354 2325 443 2386 aliter
462 2329 522 2384 iata
544 2337 677 2390 narrant.
727 2323 804 2388 Vide
826 2327 935 2388 Euaeh.
957 2325 997 2388 da
1018 2327 1072 2388 vit.
1088 2325 1241 2384 Constant.

123 2409 184 2474 lib.
212 2417 239 2476 1.
265 2411 316 2490 qui
342 2409 417 2470 haec
444 2411 658 2488 Constantino,
686 2409 874 2472 Maxentium
903 2415 1016 2472 Romae
1041 2411 1241 2491 imperantem

126 2494 220 2556 urmis
242 2494 379 2576 petenti,
406 2495 553 2556 accidisse
572 2505 715 2558 testatur:
747 2497 839 2578 Cujus
859 2497 947 2558 etiam
971 2495 1017 2556 rei
1036 2493 1241 2554 narrationem

126 2601 164 2642 ae
182 2581 218 2642 uh
231 2581 413 2661 Imperatore
426 2581 494 2661 ipso
512 2579 640 2673 posthoc
655 2583 828 2663 accepisse,
850 2581 919 2643 loco
936 2581 1028 2641 citato
1042 2578 1212 2662 profitetur.

215 2669 293 2748 Peg.
312 2671 383 2731 818.
409 2672 458 2732 17.
481 2661 603 2746 Euroie]
625 2669 689 2730 Sor.
706 2661 796 2742 ἑστός.

218 2755 289 2832 Peg.
310 2753 384 2816 819.
410 2756 441 2816 6.
467 2753 531 2812 Τοῦ
550 2745 615 2834 cuy'
632 2751 716 2826 ἔτους
735 2748 996 2832 χρηματίζοντος.]
1018 2749 1115 2809 Aecae
1135 2746 1240 2806 Antio-

126 2833 242 2896 chense
275 2856 370 2896 urrnus
406 2856 595 2896 ccccxxxiii.
632 2835 797 2917 respondet
827 2857 905 2895 anno
933 2833 1046 2895 Christi
1072 2831 1241 2892 Eusebieno

128 2941 299 2994 cccxxxvi,
328 2919 393 2980 sive
422 2921 608 3000 llionysiuno
634 2923 753 3000 vulgari
782 2940 941 2996 cccxxxv,
971 2920 1023 3000 qui
1055 2917 1242 2977 Constantini

127 3009 207 3087 lmp.
226 3005 390 3066 secundum
410 3005 539 3067 eurrdem
554 3007 734 3082 Eusebium,
755 3027 851 3066 uttnus
865 3016 930 3065 erat
942 3025 1029 3066 xxix.
1052 3003 1105 3083 qui
1120 3001 1241 3080 quidem

126 3113 227 3152 annus
251 3093 282 3150 in
305 3089 374 3152 Chr.
398 3092 485 3154 Alex.
509 3113 526 3151 a
552 3091 670 3152 Rudero
691 3091 773 3152 edito
794 3091 891 3152 deest:
921 3089 1000 3150 idem
1020 3100 1123 3149 tamen
1137 3086 1241 3145 Clima
1313 3133 1317 3137 .

128 3179 283 3258 Scaligero
297 3177 423 3254 editum,
445 3175 485 3236 ad
496 3177 579 3237 huuc
592 3177 776 3237 Constantini
792 3197 912 3252 annum,
935 3173 1143 3234 Constantium
1157 3173 1239 3232 Casa.

127 3283 173 3324 vr.
192 3274 222 3324 et
243 3263 386 3324 Albinum
405 3263 487 3322 Coss.
510 3261 653 3338 exhibet,
676 3281 755 3322 suino
769 3271 914 3340 sequente
933 3257 1008 3324 ἄνευ
1028 3253 1155 3320 telem
1169 3255 1241 3314 reli-

129 3359 191 3414 cto.
236 3347 350 3408 Eodem
366 3348 454 3408 etiarn
469 3368 546 3408 unno
562 3346 660 3408 dictos
676 3349 759 3408 Coss.
774 3354 893 3428 ponunt
908 3344 991 3404 Furti
1008 3339 1180 3422 Capitolini.

217 3431 293 3516 Peg.
315 3421 388 3502 819.
410 3437 441 3500 8.
464 3427 671 3516 Εγκάθετος.]
693 3435 757 3492 Scr.
778 3424 957 3514 ἒγκαὶθητος.

216 3521 295 3600 Pug-
318 3523 390 3585 319.
412 3521 443 3584 9.
465 3514 652 3600 Δηληγᾶτωρ
666 3512 829 3597 ἐκάθητο]
853 3508 1048 3596 Δηληγᾶτωρ,
1068 3507 1242 3592 Delegotus3

131 3606 178 3668 uti
201 3614 232 3666 et
254 3604 458 3688 ὁηληγατὶων,
486 3600 643 3685 Delegatio
669 3601 752 3684 apud
772 3599 907 3661 Suidum.
948 3596 1120 3677 Hesychius
1142 3596 1242 3672 etiam,

131 3695 337 3776 δηληγαταόν,
362 3683 534 3772 ἀφορίζων,
557 3687 610 3768 qui
624 3688 721 3747 causis
735 3683 970 3750 determinandis
985 3693 1114 3764 praeest

220 3781 293 3858 Peg.
314 3779 387 3842 319.
410 3780 461 3842 18.
493 3767 600 3854 Κύραν
622 3771 772 3854 liticare]
795 3766 903 3854 Kriou,
923 3790 983 3851 pro
1007 3769 1116 3852 κυρία,
1136 3765 1245 3827 Domi·

130 3884 190 3940 nc,
213 3862 297 3942 apud
311 3859 496 3922 recentiores
509 3859 692 3936 frequenter.

219 3945 291 4029 Peg.
312 3949 385 4012 819.
406 3951 458 4010 20.
482 3945 692 4022 Ανεκαινίσθη
705 3937 739 4004 ad
754 3938 829 4005 ποτὲ
842 3935 1009 4016 Βυζάντιον
1027 3933 1079 4003 tut
1095 3939 1149 4016 τῆς
1162 3932 1244 4034 ὕπα-

132 4035 398 4108 reicerentur&
415 4020 671 4110 αα1Συμμᾶχοα]
694 4027 815 4088 Mallem
835 4025 1049 4103 ivenusricdrr:
1070 4021 1149 4120 Urbs
1165 4040 1244 4080 enim

125 4119 211 4190 ¹lmec
225 4119 296 4178 licet
309 4117 396 4178 aunis
411 4125 481 4176 aute
496 4115 630 4196 aliquot,
654 4113 711 4174 sub
734 4113 803 4174 eliis
820 4112 903 4173 Coss.
923 4107 1114 4170 exaedificars
1138 4114 1244 4184 coapta

133 4205 246 4282 suerit,
276 4201 332 4264 sub
356 4199 404 4264 his
425 4213 523 4267 tamen
540 4199 580 4260 od
602 4201 718 4262 exitum
744 4197 866 4260 taudem
886 4194 1035 4278 perducta
1061 4204 1124 4270 est,
1152 4200 1245 4268 atque

134 4290 292 4370 dedicatu3
321 4289 368 4350 uti
393 4288 481 4350 etiam
503 4296 631 4350 testatur
653 4285 725 4349 Chr.
750 4285 838 4348 Alex.
860 4291 984 4345 auctor:
1014 4280 1065 4361 qui
1081 4279 1166 4341 Cosa.
1188 4273 1246 4336 hos
