2950 4817
235 187 311 292 565
630 103 988 255 tunornttotlsss.

237 359 370 420 Silanum
387 367 416 419 et
431 353 615 422 Antoninum
631 355 715 418 Coss.
728 354 852 418 invenio
865 353 1133 436 apudEusebium3
1155 351 1210 416 sed
1221 352 1342 416 biennio

237 454 305 504 ante
316 444 468 507 neronem
482 443 715 523 Imperatorem:
736 462 846 522 nempe
860 439 901 502 ad
918 461 969 503 au.
982 461 1040 528 vn.
1058 439 1175 502 Claudii
1190 439 1268 521 lmp.

323 548 398 625 Peg.
420 542 493 610 250.
517 550 568 610 17.
602 537 775 624 dimittor]
791 544 875 616 Nero
888 542 1017 602 sufflaro
1042 552 1110 602 erat
1120 542 1249 624 capillo,
1269 552 1347 604 teste

238 629 394 691 Suetonio:
417 647 495 688 anno
519 633 596 688 enim
620 631 727 690 natans
750 649 821 690 suae
841 627 973 690 secundo
994 635 1025 686 et
1041 627 1193 688 tricesimo
1207 637 1347 688 mortuus

237 727 293 777 est.
338 713 413 788 Quis
426 734 498 774 vero
513 711 723 796 donunoiyuvo
740 735 808 774 eum
820 714 914 776 luisse
930 710 1109 789 crediderit,
1129 733 1198 774 oum
1210 713 1347 774 nondum
1446 774 1447 779 ,

237 798 330 871 moris
343 810 407 860 orat
421 797 547 859 barbam
563 799 664 860 alerel
689 799 861 861 Hadrianus
877 800 958 861 enim
973 797 1048 876 Imp.
1061 799 1265 858 Romanorum
1281 800 1346 879 pri-

237 885 439 948 musbarbtm
454 883 544 960 aluit,
578 884 623 944 uti
637 885 692 944 llio
710 889 854 948 teslslrtr'.
886 884 919 944 in
934 885 1079 964 Traiapo:
1115 879 1271 964 Adpenudc
1287 880 1348 967 γιῖρ

238 975 355 1054 πρῶτος
370 974 489 1054 γενειᾷν
511 967 668 1046 κατέδειξε.
712 969 817 1049 Neque
833 969 894 1029 hoc
909 979 1033 1028 ornatus
1052 989 1158 1041 causa3
1180 968 1234 1028 sed
1250 979 1287 1027 ut
1304 969 1349 1028 sa.

238 1056 314 1115 ciens
327 1055 508 1114 maculosam
527 1053 745 1130 dissimularet;
765 1053 916 1116 referente
933 1053 996 1114 tet.
1006 1054 1175 1132 spartiano,
1195 1054 1227 1111 in
1243 1054 1350 1112 Adria-

239 1150 295 1202 n'o:
325 1137 449 1199 Statura
461 1137 523 1223 fnit
537 1161 676 1220 procerus
690 1150 748 1200 etc.
768 1138 917 1222 promissa
930 1137 1042 1214 barba,
1064 1152 1096 1196 ut
1110 1133 1246 1211 vulnero,
1274 1161 1351 1220 φατι

239 1228 271 1286 in
279 1221 369 1308 facie
381 1221 533 1283 naturalia
546 1239 639 1295 mant,
661 1239 775 1306 tegeret.
815 1231 922 1283 verum
936 1223 1147 1283 Charscterem
1159 1221 1286 1281 Neronis
1298 1223 1351 1282 laic

239 1309 359 1390 profert
380 1317 487 1369 auctor
506 1329 523 1366 a
544 1309 681 1370 Suetonii
701 1309 822 1390 penitus
836 1310 1006 1384 diversum,
1037 1307 1096 1366 nisi
1112 1304 1196 1385 quod
1216 1302 1351 1387 ἆνθηρο.

239 1388 404 1476 πρὸσοαιον
417 1413 484 1454 eum
498 1393 581 1472 lacit,
604 1395 652 1456 uti
668 1405 699 1456 et
713 1395 883 1476 Suetonius,
904 1395 962 1454 Tit
977 1394 1028 1460 51.
1045 1392 1134 1453 vutm
1142 1391 1274 1474 pulchro
1287 1413 1351 1452 ma·

241 1482 391 1559 gisquam
409 1488 547 1538 venusto.
580 1491 583 1499 ’

325 1583 403 1663 Pug-
425 1580 498 1645 250.
523 1583 571 1645 18.
604 1573 760 1662 α’γνοήσας
774 1573 822 1644 ὅτι
838 1573 1035 1660 ἐσταυρώθη]
1056 1579 1203 1659 ineptiae:
1226 1599 1352 1658 quomo.
1446 1544 1447 1559 ³

242 1663 282 1726 do
298 1665 376 1726 enim
391 1663 541 1724 Christum
561 1666 630 1724 neci
645 1665 788 1724 traditum
804 1666 944 1743 ignorare
960 1666 1102 1745 potuerit,
1123 1686 1191 1724 cum
1201 1663 1262 1745 jam
1280 1666 1353 1723 olim

241 1753 354 1816 Pilatus
367 1748 406 1810 ad
418 1748 585 1824 Tiberium,
607 1749 746 1810 Tiberius
758 1770 834 1810 vero
850 1751 889 1808 ed
901 1754 1042 1810 Senatum
1058 1750 1097 1809 de
1114 1749 1355 1810 Christianorum

242 1835 391 1912 dogmate,
411 1834 554 1892 nimirum
568 1844 602 1893 ut
615 1835 695 1894 inter
708 1845 826 1894 caetera
838 1855 923 1899 asora
938 1835 1136 1914 reciperetur,
1157 1834 1354 1895 retulissent?

243 1931 278 1980 ut
290 1928 417 1980 testatur
430 1919 587 1996 Eusebius,
599 1919 758 1998 γρονζιιαν.
783 1913 920 1982 Πιλάτου
937 1920 1064 2000 Τιβερίῳ
1078 1915 1115 1980 sd
1130 1917 1206 1981 ιιατᾶ
1220 1915 1276 1982 το“ν
1287 1925 1354 1981 Σω-

242 2009 320 2110 τιῐρα
336 1996 555 2086 ἀναγαγόντος,
578 2003 630 2066 καλ
650 2009 707 2066 τοῦ
722 2009 913 2086 Χριστιανῶν
930 2000 1095 2086 δόγματος,
1121 2003 1258 2086 Τιβέριος
1280 2000 1357 2086 apsis

243 2112 302 2172 την
315 2081 484 2170 σύγκλητον
497 2083 745 2173 ἐκοινολογήσατο
763 2087 833 2169 περὶ
850 2092 908 2170 τῆς
924 2089 967 2162 εἰς
986 2089 1119 2170 Χριστὸν
1130 2089 1268 2162 ιτλοτεως.

323 2189 398 2272 Peg.
419 2189 493 2255 251.
516 2194 546 2256 7.
570 2181 758 2273 dvriyoysds’
773 2189 910 2270 Αξιμον]
933 2191 977 2250 lta
991 2189 1096 2249 babuit
1108 2190 1182 2250 Cod.
1196 2179 1258 2250 blS.
1274 2189 1356 2250 sorte

245 2273 415 2356 legendum,
437 2269 488 2336 ast
502 2275 660 2354 Μαξίμου,
682 2275 728 2335 uti
742 2294 846 2354 supra.
891 2275 1001 2336 Verum
1013 2273 1070 2334 hae
1084 2295 1181 2354 nugae
1196 2285 1283 2336 sunt:
1305 2277 1356 2334 Pi·

245 2363 324 2422 letus
340 2359 434 2436 enim,
457 2359 590 2436 Caligula
604 2357 705 2418 adhuc
727 2359 912 2438 imperante,
935 2361 1138 2424 sibimortom
1157 2360 1356 2422 consciverat.

245 2445 363 2506 Helvio.
383 2443 579 2524 exlosepho:
610 2442 790 2523 quemvide.
1112 2457 1114 2460 ’
1214 2491 1221 2506 ί

332 2531 406 2610 Peg·
428 2527 501 2594 252·
525 2531 555 2596 2.
583 2523 679 2593 lint
698 2519 901 2610 φιλοσόφων]
932 2525 993 2608 Qui
1015 2525 1216 2610 Philosophus
1228 2526 1356 2610 fucat.-

248 2613 353 2675 eodem
367 2613 458 2672 modo
473 2612 603 2688 dicitur,
627 2611 647 2676 d
663 2607 723 2676 dni
737 2607 881 2692 elesdras,
903 2613 986 2694 apud
1006 2615 1205 2687 recentiores,
1228 2615 1269 2673 de
1287 2616 1355 2674 viro

248 2699 423 2772 Consulari3
447 2693 759 2778 elda’mlvaeups'mv,
781 2699 859 2757 inire
882 2698 963 2778 apud
982 2709 1134 2775 nostrum,
1156 2699 1211 2759 lib.
1234 2704 1283 2764 18.
1306 2719 1359 2759 eo-

248 2785 315 2844 dem
331 2784 419 2843 etiam
435 2781 514 2842 libro
529 2783 567 2842 de
583 2783 698 2848 Eulalio
714 2785 861 2861 quodam,
887 2783 940 2862 qui
961 2804 999 2842 ex
1014 2783 1109 2842 divite
1124 2803 1244 2865 pauper
1258 2785 1358 2842 factus

247 2872 361 2940 fuerat,
384 2876 490 2926 auctor
509 2867 601 2927 verbs
623 2865 754 2944 habeus,
777 2888 843 2927 enm
863 2863 925 2931 sind
946 2863 1089 2948 εὐπόρων
1109 2878 1208 2927 vocat
1259 2869 1358 2928 Simili

248 2953 334 3014 etism
349 2951 512 3011 locutionis
526 2971 635 3030 genere
656 2949 741 3030 apud
758 2953 926 3013 cedrenum
945 2953 1094 3033 Didymus
1116 2973 1244 3030 means,
1266 2949 1359 3017 total

249 3033 408 3118 ὄμματων,
430 3035 528 3095 dictus
548 3045 593 3095 est
609 3035 641 3094 in
663 3038 839 3099 Constantio
861 3049 893 3099 et
914 3039 1079 3098 Constante
1102 3039 1202 3119 impp.
1251 3035 1359 3124 Τούτῳ

248 3129 290 3210 τῷ
305 3121 363 3186 ἔτει
375 3117 510 3199 Δίδομὸς
526 3144 587 3199 τις,
615 3117 772 3204 ἐλλόγιμος
785 3118 880 3205 duria,
905 3118 968 3187 o’rrd
991 3119 1149 3204 ὀμμάτων,
1171 3123 1358 3206 ἐγνωρλζετο.

333 3221 409 3306 Peg·
431 3223 503 3290 252.
526 3227 554 3288 8.
578 3216 723 3304 ἐνήρχετο
740 3223 773 3288 ἐν
786 3230 826 3312 τῇ
842 3220 955 3312 Ρῶμγ]
978 3226 1041 3284 Sub
1061 3225 1189 3286 Claudio
1204 3226 1279 3308 imp.
1295 3227 1360 3286 lto-

249 3329 326 3370 mam
339 3309 455 3368 venisse
470 3309 592 3368 Petrum
607 3318 744 3369 asserunt
758 3311 904 3371 Eusebius
920 3322 949 3369 et
960 3313 1104 3374 Zonaras.

335 3391 408 3474 Pug·
429 3393 502 3460 252.
526 3397 575 3458 10.
612 3390 737 3457 Εὔοδον
767 3393 822 3459 τόν
846 3395 1031 3476 ἕιτλσκοιτον]
1067 3397 1113 3457 Ita
1139 3395 1229 3458 etiam
1264 3418 1362 3478 supra

252 3498 318 3538 eum
338 3478 475 3538 vocavit:
498 3478 690 3539 scribendum
709 3487 830 3552 temen,
854 3477 1011 3545 Eusidsos:
1033 3481 1079 3542 uti
1097 3501 1137 3542 ex
1155 3483 1305 3559 Eusebio,
1331 3495 1362 3543 et

249 3561 421 3643 Nicephoro
436 3561 610 3623 Patriarcha
624 3575 761 3646 apparet.

339 3667 411 3744 Pag·
432 3665 507 3730 258.
532 3665 582 3732 14·
610 3665 663 3728 κοιλ
673 3669 800 3746 πονῆσαι
812 3659 895 3753 crispi
908 3665 966 3749 τὴν
980 3663 1161 3751 ἆτιόιιρισιν]
1185 3663 1362 3746 insinuante,

251 3746 484 3828 utplurimum,
513 3745 716 3831 Responsum,
741 3749 802 3812 lroc
820 3762 917 3812 tamen
939 3755 1009 3814 loco
1035 3757 1173 3816 nuncium
1197 3754 1363 3834 significat,

235 3833 297 3921 ¹uti
315 3843 345 3893 et
355 3832 427 3892 alibi
442 3833 532 3893 etiam
554 3835 636 3913 apud
657 3843 811 3903 nostrum:
837 3836 910 3897 binc
933 3833 1176 3919 α’ττοιιρισιοὶριος,
1205 3839 1291 3918 apud
1310 3861 1362 3899 re·

253 3917 418 3993 cautiores,
440 3937 497 3996 pro
508 3917 628 3996 Legato.
670 3920 825 3982 Ecclesiae
842 3923 976 4002 primum
997 3925 1044 4000 bi,
1066 3934 1253 4004 postearoro
1267 3925 1363 3985 etiam

251 4001 457 4083 privatorum,
481 4001 610 4064 ministri
631 4004 673 4065 sic
693 4005 786 4084 dicti,
809 4009 918 4087 quibus
943 4012 1134 4118 npgotiorum
1156 4028 1366 4090 quorumcun-

253 4107 312 4167 que
322 4087 549 4148 tractandorum
566 4108 638 4148 cura
654 4092 812 4152 commissa
824 4093 892 4153 luit.

335 4171 412 4256 Peg.
433 4172 506 4242 254.
529 4179 580 4242 18.
602 4170 904 4262 καρηκομόωνέστὶ]
926 4181 993 4241 Sor.
1009 4172 1220 4265 καγαγιιομιῖιιν.
