2950 4817
547 262 777 337 ErlsTons
1143 274 1219 349 725

96 447 156 500 cto
170 438 224 519 qai
240 448 341 519 potest
355 440 487 503 enimurm
506 438 667 517 inducero,
689 451 726 503 ut
741 460 847 505 versuo
867 443 1022 525 proximos
1037 445 1196 505 autumet
1186 466 1218 505 ra

95 524 269 603 Tragoedia
287 548 375 605 posse
392 526 470 602 δῖοί,
500 538 607 587 auctor
623 548 678 604 ego
693 548 775 603 sum,
798 539 832 587 ut
845 528 931 609 priua
948 528 1021 607 quid
1036 532 1075 589 sit
1089 530 1219 609 Tragoe-

95 610 163 685 dia,
185 611 261 689 quid
276 612 378 689 Satyri
402 612 507 688 diseat,
532 612 674 691 quamde
690 615 781 675 rebus
797 612 983 693 aliquantum
997 637 1014 674 a
1030 614 1147 695 vulgari
1164 636 1218 675 no-

93 695 169 755 titia
183 696 305 755 remotio
319 699 494 757 seutentiam
514 696 601 759 serat.

189 781 350 841 Undecima
369 782 450 842 Ionia
475 782 576 843 sabula
605 784 843 850 ΕΥΡΙΉΔΑΙ.
900 782 1073 845 Athenaeus
1098 784 1207 847 iilam

93 864 236 945 Hesych.
258 862 345 946 Ιηϊος
364 873 486 973 θρῆνον
509 867 665 950 σημαίνει,
688 891 730 941 ως
751 872 916 974 Σοφοκλῆς
933 873 1067 970 Τρωίλῳ
1084 871 1135 933 καλ
1158 876 1219 935 Ιων

95 954 276 1059 Ερυτίδαις.
306 953 373 1031 lege
390 948 587 1033 Εὐρυτίδαις
629 954 816 1053 Αθίκτορας,
842 948 1020 1055 α’νειιοῖφους
1034 934 1219 1039 παρθένους,

94 1030 170 1099 οἷον
195 1031 373 1142 Εδριίτιδες.
415 1034 545 1099 Pulchre
563 1036 668 1097 secisse
687 1038 745 1096 sibi
769 1040 851 1099 visua
876 1049 936 1119 est,
963 1042 1015 1119 qui
1037 1042 1219 1119 emendavit,

95 1115 169 1183 οἷον
185 1119 371 1201 Εὐριπίδης.
414 1124 463 1183 Τυ
479 1143 552 1183 vero
566 1144 631 1183 meo
649 1123 785 1200 perneulo
799 1146 923 1207 repone
945 1128 1100 1201 Αθικτους
1113 1151 1217 1209 κορας

95 1200 281 1284 α’νεπαίφους
301 1206 493 1287 παρθένους,
527 1212 588 1271 Iov
611 1203 809 1285 Εὐρυτίδαις
852 1210 1017 1289 Eurytidae
1042 1222 1157 1285 autern,
1179 1234 1218 1272 na

94 1292 169 1370 quia
189 1293 266 1352 forta
293 1295 422 1369 nesciat,
445 1303 515 1352 sunt
536 1293 646 1371 Euryti
660 1292 865 1354 Oechaliensis
881 1294 951 1373 filii,
975 1318 1048 1375 quos
1070 1256 1216 1358 Hercirlea

93 1376 222 1438 oceidit.
264 1376 364 1437 Habes
384 1339 569 1457 Tiagoediae
589 1390 806 1454 argumentum,
850 1380 916 1439 Non
932 1384 1216 1461 praetermittendas

93 1462 283 1568 ostijiaiguia
301 1464 599 1543 locusapudSchol.
618 1462 965 1541 Sop11.a‹1'trachinias.
1009 1472 1216 1544 Διαφοινεῑται

91 1544 113 1609 ai
135 1570 198 1609 των
211 1542 390 1627 Ευρυτιδων
404 1541 546 1625 αριθμος
589 1549 724 1619 Ησιοδος
738 1546 850 1624 μὲν
811 1573 868 1629 γαρ
893 1547 946 1630 (ιιι
962 1554 1089 1627 Ηοιαις
1110 1562 1145 1611 ut
1159 1574 1216 1631 pu

91 1642 149 1706 to,
172 1632 221 1692 vel
240 1637 379 1733 Hptoan3
379 1637 409 1693 Γ
405 1626 577 1717 ενεαλογια)
598 1626 747 1712 τέσσαράς
769 1651 864 1712 φησιν
880 1632 910 1707 ἐξ
931 1628 1075 1716 Ευρυτον
1086 1634 1137 1698 και
1152 1643 1218 1699 Αν-

89 1710 200 1797 τιόχης
214 1721 326 1788 παῖδας
340 1712 445 1789 ου’τως.

264 1794 347 1863 Ηδ’
368 1797 604 1898 υποκυσσαμίνη
626 1800 808 1873 καλλίζωνος
831 1802 1045 1904 Στρατονίκη
1233 1804 1259 1857 0
1277 1803 1311 1858 61

264 1892 406 1966 Ευρυτον
428 1885 460 1947 ἕν
481 1903 656 1966 μεγαροισιυ
678 1884 811 1964 ἐγείνατο
833 1881 1074 1973 alienaveris
1293 1886 1297 1894 ’

271 1971 338 2033 Τοῦ
360 1967 390 2033 δ’
411 1972 490 2045 υίεῖς
511 1968 653 2072 ἐγίνοντο
670 1970 777 2075 Δηΐων
798 1994 844 2045 τε,
869 1966 1002 2044 Κλυτιός
1023 1995 1064 2047 τι,

269 2050 430 2130 Τοξειίςτ’
452 2050 611 2131 οίντίθεος,
621 2047 686 2155 η’δ’
710 2051 853 2130 Ιφιτος”
836 2058 902 2129 αζος
920 2062 1036 2160 Αρηος.

268 2137 347 2215 Τους
368 2138 401 2203 δὲ
422 2134 496 2220 μέθ’
520 2132 686 2217 ὁπλοτάτην
706 2138 805 2203 τέκετο
827 2136 948 2217 ξανθην
970 2136 1088 2205 Ιόλειαν

263 2219 394 2306 Αντιδχη
415 2227 570 2307 κρείουσα,
600 2219 732 2286 παλαιόν
753 2222 841 2307 γένος
860 2218 979 2305 Λιίβολί
980 2228 1045 2289 δαο.

92 2306 275 2392 Κρείφιλος
290 2308 323 2373 δὲ
340 2308 411 2373 δύο
436 2302 662 2408 Αρᾘιστοκρᾶτης
676 2306 709 2370 δε
721 2316 810 2392 τρεῖς,
837 2310 939 2388 Τοξέα,
958 2306 1102 2386 Kierion,
1118 2310 1212 2388 Δηΐο·

89 2421 147 2459 να.
190 2396 339 2476 Satiajam
354 2396 499 2476 pernosti,
522 2416 574 2475 qur
566 2394 739 2454 arntloma
752 2395 925 2474 Eurytidae
968 2396 1027 2455 bed
1044 2394 1128 2453 haud
1143 2396 1214 2474 ple·

89 2503 137 2541 ne
149 2481 334 2541 satisfactum
353 2492 431 2541 esset
445 2482 595 2561 promisso
617 2490 738 2556 nostro;
762 2480 788 2538 ai
803 2500 909 2539 versus
925 2500 976 2541 eoa
996 2479 1213 2539 dimitteremus

91 2588 139 2626 ex
155 2567 302 2640 manibus,
317 2577 347 2627 et
359 2567 498 2627 mendum
511 2564 694 2625 teterrimum
711 2565 829 2624 silentio
846 2565 1108 2625 dissimularemus.
1132 2564 1216 2623 Prin-

91 2654 178 2755 cipio
192 2652 350 2729 legendum
364 2646 512 2730 Avarior]
542 2648 643 2709 Schol.
657 2650 826 2725 Apollonii:
851 2644 982 2723 Κλύτιος
995 2650 1047 2713 καλ
1065 2654 1168 2727 Ionae
1183 2648 1215 2711 οί

90 2743 153 2815 τῆς
164 2732 321 2837 Αντιόπης
336 2739 452 2809 παῖδας.
496 2735 648 2815 Hyginus:
674 2732 786 2813 Clytius
801 2748 828 2791 et
846 2731 960 2815 Iphitus
974 2734 1083 2813 Euryti
1098 2749 1124 2792 et
1138 2732 1214 2793 Aa·

92 2825 191 2902 tiopea
209 2821 267 2901 Pyt
266 2824 331 2882 onia
340 2817 539 2918 filioeflliua.
583 2819 668 2892 Quae
684 2819 769 2898 quasi
785 2839 875 2878 manu
890 2840 945 2877 noa
962 2818 1079 2878 ducunt
1091 2818 1129 2877 ad
1144 2838 1212 2877 ese-

92 2918 161 2969 tera
175 2906 360 2983 corrigenda.
402 2906 465 2965 λου]
479 2905 556 2965 enim
568 2904 681 2983 Hygini
700 2904 861 2964 autoritate
876 2904 974 2963 scribo
994 2899 1142 2975 Πύλωνος
1154 2924 1212 2983 pro

92 2989 229 3056 παλαιδν
241 2992 342 3075 γένος·
366 3001 456 3071 atque
471 2992 557 3065 adeo,
574 3001 610 3049 ut
621 3010 761 3069 pompam
778 3000 805 3049 et
822 2990 975 3069 prooemia
992 2989 1079 3049 missa
1093 2988 1212 3063 faciam,

93 3098 219 3141 versum
232 3076 335 3137 hunc
327 3089 475 3155 integrum
489 3076 664 3177 praestabo,
690 3079 767 3136 sicut
784 3074 820 3133 ab
835 3074 967 3134 Hesiodo
987 3073 1143 3155 profectus
1157 3085 1212 3149 est,

263 3158 403 3240 Αντιόπη
426 3165 571 3243 κρείουσα
595 3155 741 3232 Πύλωνος
765 3162 905 3237 Νιιιίβολ
907 3162 971 3221 δαο

92 3248 261 3310 Numestio
279 3248 351 3307 mihi
364 3268 470 3322 unum,
485 3266 536 3325 qur
530 3244 663 3304 'euboli
677 3246 728 3305 vel
737 3244 906 3304 Aubolnlae
922 3242 1065 3303 meminit.
1089 3242 1213 3301 Naubo-

92 3336 146 3395 lua
165 3355 239 3394 vero
260 3334 370 3393 nemini
368 3334 506 3410 ignotus
517 3352 581 3391 osae
598 3329 712 3409 possit,
735 3351 786 3408 qur
779 3330 891 3390 labris
905 3328 1090 3411 primoribus
1106 3336 1210 3406 gusta

92 3423 144 3481 vit
158 3421 258 3480 literas
275 3418 478 3479 humaniores.
521 3416 702 3497 Apollonius
716 3413 868 3475 Rhodius.

267 3510 317 3589 Τῳ
339 3498 370 3566 δ’
391 3502 440 3567 ἐπὶ
462 3498 502 3611 δη
524 3502 625 3565 θείοιο
652 3502 717 3563 κίεν
738 3496 875 3573 Δαυαοιο
896 3497 1025 3581 γενέθλη

265 3570 440 3663 Ναύπλιος,
462 3612 483 3665 η
505 3612 562 3669 γαρ
586 3584 639 3665 ἔην
661 3582 841 3666 Κλυτονήου
864 3586 1069 3668 Ναυβολίδαο,

267 3668 432 3756 Ναυβολος
453 3699 492 3736 αυ
480 3666 646 3753 Λέρνου

97 3760 289 3821 Conveniunt
306 3770 404 3836 aetas,
423 3760 524 3819 λοοιιι.
554 3767 605 3832 ut,
629 3776 798 3837 quanquam
820 3754 858 3817 de
875 3754 934 3815 hac
954 3774 988 3815 re
1007 3752 1124 3813 nullum
1146 3770 1214 3809 ver·

94 3846 172 3907 bum
188 3846 300 3905 iaciant
315 3846 363 3905 alii
378 3846 558 3925 scriptores,
577 3842 654 3903 nihil
666 3854 764 3903 tamon
779 3840 939 3921 impediat,
963 3859 1036 3941 quo
1039 3838 1137 3898 minus
1153 3837 1214 3915 ry-

96 3933 151 3992 lon
176 3931 306 3991 Nauboli
324 3931 404 3991 sriiua
426 3952 492 3991 esse
512 3930 656 4011 potuerit.
724 3930 858 4007 Denique
881 3946 935 4006 pro
958 3920 1126 4007 Κρεόφιλος
1147 3922 1214 3999 lege

97 4014 302 4100 Κρεώφυλος·
326 4017 379 4096 qui
394 4037 503 4095 poema
517 4014 691 4095 composuit
705 4014 847 4093 Οἰχαλίας
860 4008 988 4073 αλυσιν.
1011 4010 1049 4067 od
1068 4006 1148 4088 quod
1165 4027 1213 4065 re-

98 4104 202 4184 spexit
222 4103 417 4163 Seholiaates.
466 4104 510 4161 Da
525 4099 698 4181 Creophylo
713 4099 908 4157 consulantur
924 4095 1106 4174 Appuleius,
1140 4094 1213 4151 Por-

96 4189 246 4269 phyrius,
267 4189 393 4262 Strabo,
415 4190 525 4248 Sextua
538 4187 724 4265 Empiricos
748 4184 872 4257 suidas,
893 4182 1030 4261 scriptor
1044 4176 1213 4238 certaminis

97 4274 225 4339 lteaiodi
245 4286 277 4339 et
297 4274 437 4349 Homeri,
465 4275 551 4337 Plato
576 4275 743 4337 Πολιτείαν
762 4292 791 4334 x
822 4267 979 4330 Photius'
971 4286 1002 4325 m
1023 4267 1130 4325 Lexieo
1154 4262 1213 4323 MS.
