2950 4817
285 107 303 140 Ι
368 142 372 157 t

223 299 321 344 xxxi:
609 266 957 339 PROLEGOMENA.

218 443 312 529 pisum
339 452 476 507 nostram
501 454 673 522 aroennnt3
712 464 821 506 verm
848 446 985 527 suppetit
1007 445 1097 509 nobie
1115 454 1346 526 -argmnestans,

220 547 314 627 idque
329 548 452 628 quidem
476 543 527 635 (ni
540 545 653 631 fallor)
676 546 880 610 firmissimam
901 568 938 609 ac
958 548 1183 628 irrefragabile,
1205 548 1245 608 ad
1261 549 1348 609 illam

220 649 394 731 dignitatem
406 671 476 711 eum
489 672 646 733 nonquam
668 652 761 711 saissa
781 664 931 714 erectum.
974 656 1043 714 Non
1063 652 1115 713 bic
1131 650 1284 712 adnotabo
1300 650 1349 710 ci-

220 754 279 815 tari
292 754 379 817 illum
392 776 410 814 a
430 759 533 815 Trete:
549 754 693 815 Chiliesta
710 765 855 833 tanquam
874 753 1029 819 hominem
1042 756 1206 816 obscurum
1218 761 1249 813 et
1261 751 1350 831 igno·

221 868 304 919 tum:
337 860 440 919 Totins
465 854 521 937 pio
546 853 686 937 Ιωάινης
707 878 754 930 τις
776 856 918 938 Μελέλης
940 850 1165 939 χρονογρᾶφος·
1192 855 1247 915 ubi
1266 851 1349 917 istud

222 959 423 1035 vocabulum,
453 956 519 1033 τλς,
548 958 743 1021 obscuritatis
769 968 844 1019 nota
866 970 899 1020 at
922 959 1068 1019 indicium
1089 958 1245 1019 videstauc
1272 953 1349 1033 hoc,

224 1061 365 1141 inquam,
387 1058 448 1120 non
470 1060 639 1139 adnotabo,
662 1062 777 1142 quippo
797 1062 852 1122 vix
873 1063 978 1142 negari
998 1062 1096 1143 possit
1115 1060 1189 1141 quin
1208 1058 1248 1119 ds
1265 1055 1348 1117 Viris

226 1162 315 1224 otiam
343 1162 582 1223 nominatissimis
603 1173 635 1224 et
654 1164 794 1225 maximis
813 1185 877 1225 vox
899 1166 957 1225 ista
970 1163 1121 1225 interdum
1133 1160 1217 1243 apud
1227 1168 1349 1221 veteres

227 1275 372 1345 usurpata
387 1266 566 1345 reperiatur.
611 1266 662 1325 Sic
687 1271 699 1342 (
704 1277 740 1327 ut
758 1266 834 1327 alios
852 1267 960 1327 missos
971 1262 1100 1350 faciam)
1122 1264 1163 1325 da
1179 1259 1350 1323 Theodore-

227 1382 278 1443 τος
301 1368 451 1448 Episcopo
467 1367 539 1446 Cyri
558 1366 733 1429 doctissimo
753 1370 1065 1449 celebratissimoque‚
1088 1362 1263 1428 modom
1275 1362 1348 1423 As.

231 1468 287 1529 bos
300 1485 328 1529 et
347 1467 542 1551 Philosophus
563 1471 595 1529 in
613 1471 802 1551 Argumenta
823 1470 940 1551 Synodi
961 1470 1141 1555 Ephesinne:
1163 1464 1294 1547 Εὖρέθη
1311 1461 1349 1527 dd

229 1568 304 1652 perd
320 1566 461 1635 Ιοιάννοο
478 1569 674 1655 Θεοδῶρητός
697 1598 769 1650 τις,
790 1568 1023 1655 ἐλλογιμώτατος
1038 1565 1167 1651 Κύρῤου
1180 1568 1350 1641 ἐπίσκοπος

227 1668 345 1747 πόλεως
360 1668 550 1755 ἀνατολικῆς.
593 1676 643 1735 Sic
664 1675 703 1735 ad
720 1676 846 1737 verbum
862 1675 1009 1736 Leontius
1028 1672 1231 1737 &bodonicus
1253 1671 1286 1731 in
1299 1671 1350 1729 ui.

228 1774 330 1854 brol)
353 1773 390 1836 de
412 1772 524 1853 Sectis,
553 1798 592 1837 ex
606 1776 729 1839 Attae
753 1777 907 1841 Theodoro
928 1773 1134 1859 (ut'opinor)
1156 1775 1349 1835 exscribens:

230 1875 359 1959 Εὗρέθη
373 1874 407 1940 δὲ
421 1875 495 1956 μετὰ
515 1874 657 1943 iudanon
679 1876 877 1963 Θεοδόρητός
895 1904 956 1954 τις,
979 1874 1134 1957 ἐλλόγιμος
1155 1871 1264 1958 Kaipoo
1283 1875 1350 1939 tert-

229 1998 343 2052 υκοπος
367 1974 526 2059 ἀνατολῆς.
569 1982 699 2043 Abunde
724 1984 798 2058 erit,
829 1983 855 2042 si
877 2002 916 2043 ex
935 1980 1003 2062 ipso
1025 1978 1269 2041 Patriarcharum
1284 1980 1349 2035 An-

228 2081 440 2144 tiochenorum
463 2082 605 2161 catalogo
626 2085 889 2160 demonstremus,⁴
915 2085 1008 2143 fuisse
1028 2084 1145 2143 sordium
1162 2080 1247 2141 itlius
1266 2081 1349 2141 civr-

228 2184 300 2246 tstis
317 2184 498 2264 Episcopum
519 2186 706 2247 nominatum
729 2187 895 2262 Joannm,
925 2186 976 2266 qui
1001 2186 1032 2245 in
1055 2187 1110 2245 iiia
1139 2194 1252 2260 aetate,
1284 2202 1348 2261 qus

181 2358 184 2375 .
223 2286 383 2368 scripserit
397 2282 535 2362 Medeia,
557 2286 704 2350 floruerit.
750 2292 814 2368 Aga
830 2290 947 2368 itaque,
968 2287 1122 2347 videamus
1134 2295 1210 2365 quot
1223 2286 1349 2343 inorruit

226 2387 359 2451 Ioannes
375 2385 559 2449 Antiocheni
573 2388 784 2461 picturatae,
808 2400 837 2450 et
854 2391 946 2449 suissa
966 2389 1083 2449 uuiituu
1106 2388 1211 2448 eodem
1231 2398 1349 2464 tempo-

226 2491 270 2550 ris
294 2488 475 2562 intervallo,
505 2508 565 2567 quo
583 2491 698 2551 vixerit
719 2490 857 2567 Medeia,
880 2490 1085 2550 ostendamus.
1128 2488 1165 2548 lu
1183 2485 1349 2568 Mcepbori

226 2588 422 2651 Patriarchaa
448 2588 505 2649 ΟΡ.
530 2592 774 2653 Paniai-charum
796 2590 1053 2651 Antiochensi-um
1078 2589 1223 2667 catalogo
1230 2636 1240 2665 ,
1271 2585 1347 2668 (qui

227 2714 320 2753 onum
333 2710 462 2750 numero
480 2710 574 2771 supra
590 2696 751 2773 sexaginta
766 2693 994 2772 complectitur,
1014 2702 1044 2751 et
1056 2691 1238 2771 perducitur
1249 2708 1347 2767 usque

193 2800 195 2803 ’
227 2792 267 2853 sd
285 2790 488 2851 Patriarcham
502 2790 701 2855 Anosross'um
713 2796 880 2875 juniorem,
902 2793 956 2872 qui
967 2794 1147 2873 martyrium
1157 2791 1250 2851 subiit
1264 2790 1348 2851 circa

228 2911 341 2953 annum
362 2892 576 2969 incarnationis
600 2896 773 2955 Dominicae
796 2899 869 2960 608.
891 2914 962 2972 seu,
983 2905 1019 2955 ut
1036 2896 1088 2956 alii
1102 2894 1226 2967 volunt,
1248 2891 1346 2963 611.)

227 3003 422 3057 recensentur
438 2992 571 3055 Jonnnes
587 2996 661 3057 duo.
704 2997 821 3057 Eorum
832 2998 964 3077 primas,
987 2998 1069 3075 apud
1091 3017 1194 3057 ornnes
1209 2996 1347 3073 Scripto-

228 3116 278 3159 rea
296 3094 524 3157 Ecclesiasticos
552 3108 678 3177 propter
698 3098 835 3159 Schisma
858 3099 891 3156 in
906 3098 1032 3175 Synodo
1047 3096 1198 3181 Ephesius
1215 3116 1348 3157 comme·

228 3208 380 3275 moratus,
411 3207 441 3259 et
461 3200 605 3279 Epistolis
628 3202 746 3281 aliquot
774 3200 838 3259 suis
861 3199 1051 3273 notissimus,
1078 3200 1138 3261 fuit
1159 3198 1268 3259 ordine
1287 3198 1347 3257 Pa-

226 3299 430 3365 triarcharum
448 3304 534 3365 89us.
549 3310 670 3361 stanno
687 3304 721 3363 D.
736 3301 810 3367 488.
826 3323 843 3361 e
859 3301 938 3361 vivia
952 3300 1092 3377 excessit,
1114 3312 1277 3381 postquam
1287 3301 1346 3361 Ps-

224 3400 425 3464 triarobatunr
448 3423 505 3483 per
529 3408 578 3469 18.
603 3426 697 3465 annos
724 3404 930 3483 gubernasset.
980 3400 1136 3465 &candus
1159 3405 1220 3463 tuit
1237 3404 1344 3465 ordina

225 3505 313 3571 47as.
327 3524 486 3564 successor
500 3504 583 3565 Petri
600 3504 755 3584 Fullonis,
777 3506 834 3565 sub
848 3507 970 3565 Zenone
984 3506 1063 3585 Imp.
1077 3505 1115 3565 Δ.
1131 3506 1166 3568 Ι).
1182 3507 1254 3573 476.
1273 3512 1345 3586 post

223 3626 341 3667 menses
356 3609 387 3671 3.
406 3606 529 3685 ejectus.
574 3610 647 3669 Post
669 3608 747 3667 duos
769 3606 826 3668 hos
845 3606 992 3683 Ioannes,
1014 3626 1091 3688 quos
1113 3627 1202 3669 namo
1218 3629 1283 3669 non
1295 3608 1345 3667 vi-

224 3708 278 3769 det
289 3705 436 3768 Ioannem
458 3720 595 3773 nostrum
612 3708 765 3773 Malelom
786 3718 884 3770 aetate
904 3711 1115 3787 antecessisse,
1136 3732 1206 3771 curn
1224 3710 1344 3771 florue-

223 3811 287 3871 rint
304 3820 372 3871 ante
392 3812 553 3890 imperium
569 3811 735 3873 Iustiniani
756 3813 821 3894 ejus
847 3812 976 3873 nominis
997 3814 1089 3873 Primi
1112 3813 1201 3894 cujus
1221 3824 1304 3891 gesta
1324 3834 1344 3873 a

225 3910 347 3975 Maleto
360 3913 561 3995 celebrantur,
585 3934 646 3975 non
662 3915 740 3978 alius
754 3914 887 3977 Ioannes
901 3916 935 3977 in
948 3916 1124 3978 Antistitum
1136 3914 1342 3977 Antiocheno·

262 4232 296 4303 Ι)
313 4232 373 4289 ιιι
391 4232 417 4290 4.
434 4250 461 4305 p.
480 4234 542 4291 sos.
