2950 4817
207 264 284 307 aura
592 230 943 303 PROLEGOMENA.

205 432 269 473 rem
289 404 453 471 Pontidia
472 406 688 490 interpolator.
740 408 808 471 Hoc
830 428 870 470 ex
882 406 996 471 Naetra
1017 405 1256 473 laudantiaaiaaa
1270 432 1329 493 ap-

205 522 308 597 parat,
329 512 361 573 in
378 532 414 572 aa
428 510 543 593 quippe
556 532 618 573 nau
633 512 732 573 aulum
744 512 824 573 idem
837 512 954 573 Nomen
967 510 1098 575 Antomi
1107 511 1252 589 habetur,
1275 512 1330 574 aad

206 627 238 681 et
259 616 398 693 additur,
425 634 494 673 aum
520 617 552 675 in
574 614 749 699 Aegyptam
780 611 1017 688 descendentem,
1044 624 1077 676 et
1097 612 1330 679 Alexandriam

205 718 361 783 obsidione
385 718 562 799 cingentem,
590 738 611 777 a
635 715 819 799 Cleopatra,
844 717 904 798 ipei
926 729 1014 777 antea
1036 731 1108 778 nota
1125 737 1194 779 cum
1213 714 1330 777 lolium

208 820 361 885 Gaesarem
375 822 407 881 ia
422 818 597 903 Aegyptum
617 818 688 881 e'aeet
706 821 882 897 connitatur,
905 814 1087 878 adulatoriis
1108 816 1203 879 literie
1223 816 1331 880 colici-

205 940 301 987 tatum
312 922 435 1008 fuum,
455 936 482 981 et
497 936 618 1003 captam
631 918 714 983 illiue
724 942 832 984 amore
851 944 919 985 cum
932 942 969 981 ea
978 921 1201 982 matrimonium
1216 921 1327 996 iniirae,

189 1006 233 1089 'n
246 1029 308 1089 aa
322 1024 472 1087 nomena
488 1021 596 1085 aerum
612 1020 755 1085 arurae.

257 1176 260 1181 ι
292 1128 433 1191 XXXIV.
476 1126 524 1187 Ex
545 1125 629 1188 hince
649 1125 747 1205 liquet
767 1126 852 1187 nulla
874 1135 967 1208 pacto
987 1125 1149 1203 concludi,
1170 1126 1240 1187 loca
1261 1120 1331 1185 ulla

205 1256 245 1296 ax
263 1233 323 1293 illie
349 1232 380 1291 in
402 1228 512 1310 qualrua
534 1229 719 1290 conveniunt
736 1228 847 1291 Noeter
868 1239 899 1290 et
919 1228 1084 1307 paschate,
1108 1252 1124 1289 a
1146 1230 1246 1311 primo
1267 1224 1330 1287 Pn-

204 1334 317 1400 aclaalia
332 1334 446 1395 datore
465 1333 560 1395 faiano
581 1344 712 1393 exarata.
756 1333 820 1393 Nec
833 1333 954 1393 omnino
969 1333 1090 1393 videtin
1106 1329 1328 1409 ambigendum,

205 1440 277 1520 quin
290 1438 385 1497 inilia
403 1436 599 1517 atiom'parta
621 1456 712 1517 quam
729 1434 848 1495 addidit
863 1436 1079 1512 continuator,
1101 1452 1180 1513 quae
1194 1431 1232 1491 ab
1248 1448 1328 1491 anno

207 1539 375 1604 Constantii
396 1560 489 1601 xvru.
512 1538 636 1620 incipit,
664 1539 725 1599 aiat
746 1537 909 1619 pleraeque
928 1536 1074 1597 hiatoriaa
1091 1545 1121 1596 et
1133 1534 1329 1598 Narrationes

204 1647 343 1705 incertae.
396 1642 440 1703 Ne
463 1642 572 1702 addam
595 1652 624 1702 et
649 1662 712 1705 aeae
734 1640 970 1723 auapicandum,
996 1640 1050 1699 illa
1075 1638 1143 1719 ipaa
1173 1640 1244 1698 loca
1273 1626 1329 1695 ubi

204 1743 369 1807 Heracliae
396 1746 472 1825 Inap.
496 1740 664 1826 Imperator
688 1760 787 1807 noater
818 1753 1032 1824 nuncupatur,
1061 1762 1124 1802 nun
1152 1740 1211 1799 alia
1234 1737 1329 1797 suinae

204 1868 294 1927 quam
311 1846 475 1928 Scriptaria
489 1846 626 1929 alicujus,
652 1847 704 1927 qui
720 1848 776 1909 eub
789 1847 843 1908 illo
857 1847 1045 1926 Inperatore
1058 1842 1210 1920 floruerit,
1230 1840 1328 1902 rerba

202 1952 237 2011 in
251 1947 420 2013 Chronicon
435 1949 511 2010 illud
531 1950 568 2009 ab
583 1946 800 2031 interpolatore
813 1950 967 2011 traodata.
1011 1946 1079 2006 Hac
1091 1944 1190 2007 nolum
1203 1942 1329 2004 videtur

203 2053 347 2134 aquaria
371 2072 428 2133 pra
451 2060 535 2112 certo
561 2052 820 2129 concludendum,
851 2062 920 2111 ante
945 2036 1040 2110 annon
1057 2049 1128 2129 plna
1143 2046 1243 2107 minua
1256 2065 1328 2105 occ.

169 2168 171 2176 '
201 2158 234 2217 in
249 2155 401 2217 Chronico
419 2154 478 2215 iato
499 2153 592 2214 suinae
611 2154 764 2235 deacripta
789 2153 919 2234 quaein
940 2172 973 2211 eo
992 2150 1082 2209 simul
1104 2159 1134 2210 et
1150 2147 1264 2207 Noetro
1279 2148 1326 2207 le·

201 2268 326 2337 guntur.
373 2256 441 2316 Hoc
473 2255 597 2334 quidem
624 2276 663 2317 ex
697 2278 732 2317 eo
762 2258 935 2334 colligitur,
963 2251 1048 2333 quad
1069 2252 1261 2331 reperiantur
1288 2270 1328 2309 ea

199 2369 295 2441 prout
313 2359 345 2419 in
368 2358 522 2437 impressit
541 2358 603 2439 jam
625 2358 824 2435 exhibentur,
845 2357 877 2417 io
899 2355 961 2415 alio
979 2352 1137 2417 Paaclealie
1149 2352 1329 2433 Exemplari

197 2469 371 2541 pervetusta
399 2458 606 2536 Bibliothecae
629 2458 815 2536 Vaticanae,
846 2456 931 2538 quod
959 2458 996 2517 ab
1018 2456 1105 2516 annia
1125 2474 1193 2519 nac.
1244 2454 1327 2514 Vitia

198 2560 411 2623 eruditiaaimia
432 2558 482 2623 Ia.
495 2559 686 2623 Mobillonio
708 2571 740 2621 et
757 2558 910 2622 liiiclaaeli
933 2556 1098 2635 Germano,
1120 2556 1327 2619 Benedictinia

199 2662 313 2739 Gallia,
335 2662 500 2723 videbatur
514 2664 664 2744 scriptum
672 2707 681 2739 ‚
703 2663 750 2723 uti
771 2661 862 2723 docet
876 2660 1057 2744 Dufreeniar
1072 2662 1105 2720 in
1119 2655 1326 2741 Praefatione,

198 2764 251 2846 qui
269 2784 340 2839 eoa,
363 2772 400 2824 ut
420 2762 560 2823 Codicum
586 2764 672 2823 illum
692 2763 895 2843 inspicerent,
924 2762 997 2823 duna
1016 2760 1136 2823 Romae
1154 2782 1325 2823 commora-

197 2874 315 2941 rentur,
337 2873 510 2943 rogaverat.
556 2864 600 2923 Da
614 2861 761 2927 Chronico
774 2864 871 2925 hocca
885 2862 1033 2927 Paschali
1046 2864 1112 2926 aiva
1127 2862 1325 2927 Alexandri·

198 2991 256 3047 no,
285 2965 324 3028 de
345 2966 428 3027 illine
450 2974 561 3042 aetate,
586 2965 718 3041 lutona,
740 2977 772 3027 et
788 2968 1022 3045 continuatore,
1042 2977 1073 3029 et
1093 2989 1240 3049 quaenam
1258 2968 1325 3034 axi·

199 3080 282 3131 amnt
302 3071 335 3129 in
358 3090 394 3129 eo
415 3068 627 3148 auppuaititia,
658 3069 845 3159 occationem
868 3091 924 3131 noa
945 3069 1107 3130 habuimua
1127 3092 1166 3132 ex
1183 3072 1324 3153 prosena

199 3171 367 3233 diaaarandi
389 3170 420 3230 in
443 3170 504 3231 alio
523 3171 778 3251 Opere‘nondum
799 3171 898 3249 edito,
921 3170 967 3231 De
988 3169 1192 3253 Scriptaridua
1207 3170 1324 3234 Rerum

195 3273 430 3356 Aegyptiarum,
451 3274 484 3335 in
503 3274 597 3335 Iibro
620 3294 662 3335 ac.
682 3273 767 3333 illiue
787 3274 889 3351 tertio,
909 3273 940 3331 in
957 3292 1019 3353 quo
1035 3274 1192 3356 speciatim
1209 3284 1323 3336 tracta.

196 3395 265 3434 mua
279 3374 317 3433 de
333 3376 539 3455 Scriptoribua
561 3396 663 3436 rerum
676 3372 962 3437 Alexandrinarum
976 3376 1041 3437 aive
1056 3374 1322 3457 Ptolemaicarum,

195 3487 232 3539 ut
250 3476 349 3556 agitur
371 3478 403 3536 in
424 3476 504 3537 libra
524 3478 623 3557 primo
641 3476 679 3537 de
693 3477 901 3557 Scriptoribua
921 3497 1024 3539 rerum
1038 3476 1261 3541 Historicarum
1281 3481 1323 3541 il-

193 3580 253 3641 liue
270 3578 377 3638 Gentis
391 3580 606 3655 vetustiorum,
627 3576 803 3639 insecundo
823 3578 861 3641 da
877 3581 939 3641 illie
957 3581 1009 3661 qui
1023 3602 1072 3642 rea
1083 3582 1206 3643 illorum
1226 3581 1321 3644 Theo-

193 3678 310 3762 logicae
323 3680 388 3741 aive
403 3676 652 3763 Philosophiana,
678 3678 848 3758 Viaendaa,
869 3681 1047 3761 Naturales,
1070 3692 1102 3745 et
1117 3682 1320 3767 Artiticialea,
1423 3686 1434 3701 ⁹

193 3784 322 3864 Scriptia
347 3781 410 3843 auia
430 3803 468 3843 ex
485 3783 625 3864 profeaao
648 3782 858 3862 celebrarunt,
879 3786 912 3845 in
932 3799 1041 3868 quarto
1060 3786 1098 3847 de
1111 3787 1319 3868 scriptoribua
1386 3781 1392 3793 ⁸

192 3902 297 3944 rarum
316 3884 400 3945 illiue
421 3885 524 3945 Gentis
546 3884 586 3943 ad
605 3882 757 3961 Iudaeae,
783 3883 968 3948 Christianae
994 3898 1025 3947 et
1043 3886 1321 3951 Maleammedanaa

193 3984 391 4045 attinentium.
433 3986 469 4047 In
484 3986 575 4047 Libro
590 3984 650 4047 hoc
666 4002 776 4071 quarta
794 3977 929 4070 ejusdem
943 3990 1052 4070 Operia
1072 3992 1087 4069 (
1092 4000 1129 4052 ut
1145 3991 1243 4052 obiter
1257 3990 1318 4052 hoc

191 4085 281 4147 licead
303 4107 441 4160 manere,
469 4108 507 4147 ne
530 4089 636 4149 foraan
656 4090 756 4150 minua
779 4090 984 4171 prudentibua
1007 4090 1155 4153 silentium
1178 4104 1318 4155 noatrom

189 4210 249 4271 pro
263 4204 437 4273 argumento
458 4191 563 4270 aedat)
585 4193 624 4255 ad
640 4214 768 4259 examen
777 4193 988 4258 revocavimaa
1003 4215 1037 4256 ea
1042 4241 1053 4272 ,
1076 4216 1155 4276 quae
1169 4196 1316 4260 adveraua
