2950 4817
539 320 770 393 EPISTULA.
1136 328 1215 405 745

51 507 84 558 et
97 496 257 578 Ogygia
273 496 395 559 nomine
413 497 510 561 literie
524 499 649 562 Graecie
664 498 859 577 mandarant,
881 498 921 561 ed
939 498 1085 581 ayllebam
1100 496 1139 561 de
1154 518 1217 559 een-

52 605 165 644 none
180 584 331 645 barbaro
350 595 572 664 expresserunt.
614 587 691 646 Nam
712 586 766 664 qui
788 586 874 645 annio
893 596 962 647 ente
981 586 1139 666 permultis
1163 604 1217 646 ex-

51 679 251 731 :eeecrent
273 669 381 747 avita,
404 671 502 747 nulle,
524 670 635 749 credo,
656 670 695 731 iia
719 673 823 731 lutura
847 680 912 733 eret
931 670 1121 733 coueuetudo
1144 691 1215 732 cum

51 756 228 820 Graccis.
276 754 368 829 Quod
382 754 409 813 ei
424 757 475 815 elii
488 756 643 836 juniora,
668 757 778 836 quibui
792 756 895 817 eedem
912 776 991 837 quae
1006 756 1156 817 veteribus
1178 758 1215 815 il-

51 841 104 899 lie
122 842 293 917 nomine,
313 859 403 901 ueum
420 850 453 902 et
470 842 685 903 commercium
704 862 773 903 cum
799 843 922 903 Graecis
940 841 1128 916 habuerunt,
1150 842 1216 902 eine

51 924 178 983 dubio
196 946 314 985 eorum
326 926 448 985 nomine
463 926 616 987 declinate
628 938 699 989 eunt
718 928 757 989 ad
772 948 909 989 normam
926 926 1036 988 Graeci
1057 928 1212 991 eermonie.

51 1011 120 1069 sio
134 1012 289 1091 Paralip.
302 1032 324 1072 1.
337 1031 404 1093 cap.
420 1016 450 1077 8.
463 1023 509 1072 eet
524 1013 649 1093 quidam
665 1015 785 1077 Ανανλα
807 1023 838 1073 et
851 1032 917 1091 cap.
937 1018 987 1077 12.
1005 1012 1129 1093 Βιρχλα,
1152 1014 1212 1089 vel,

53 1104 104 1153 ut
132 1096 175 1154 in
202 1098 279 1155 ltlS⁰
292 1098 386 1174 Regio
401 1106 455 1172 eet,
469 1099 615 1178 Βαραγλα.
642 1099 755 1161 Eadem
772 1107 938 1158 occurrunt
950 1098 1070 1157 nomine
1086 1097 1118 1157 in
1131 1098 1213 1161 Teet.

55 1180 189 1240 Novo·
222 1182 343 1260 (Syrue
356 1181 434 1242 enim
454 1182 606 1263 interpree
621 1193 653 1245 et
668 1183 722 1243 hie
734 1194 766 1245 et
778 1185 844 1243 illic
859 1182 1037 1255 Ηλοιιακίο,
1054 1181 1213 1260 Βναολιία)

60 1284 150 1325 cum
164 1266 294 1326 Graece
312 1276 413 1328 tamen
436 1268 664 1345 terminatione,
685 1271 843 1345 Λνανλας,
864 1268 1026 1349 Βαραχίας.
1070 1268 1214 1327 Similiter

63 1351 209 1430 antiqui
231 1352 282 1412 illi
304 1349 423 1451 λακαλβ,
445 1350 571 1433 lumper,
580 1314 700 1417 Σαοιῖλ
718 1364 868 1435 perpetuo
884 1353 1092 1413 nominantur:
1095 1352 1214 1455 junio-

62 1456 127 1495 ree
141 1456 251 1515 vero,
276 1438 414 1515 quicum
433 1438 636 1501 Greecierem
654 1439 844 1515 habuerunt,
869 1430 1030 1539 limpor,
1055 1431 1213 1540 Ιαόηπος,

67 1524 242 1595 Σαῦλος.
276 1522 347 1595 Quo
369 1525 508 1621 exemplo
528 1524 618 1583 etiam
635 1518 772 1623 Σιοᾶρας
785 1534 815 1585 et
828 1516 933 1597 Σάλας
947 1532 978 1581 et
995 1515 1100 1596 Φανίας
1114 1532 1214 1583 eeeeut

69 1605 179 1682 dicti3
203 1609 233 1665 ei
248 1605 427 1665 Antiochiee
440 1607 589 1668 vixissent
612 1610 694 1669 vel
684 1630 717 1668 m
736 1610 795 1669 elie
819 1606 925 1688 quevis
942 1606 1063 1667 civitate
1085 1608 1212 1682 Graeca,

72 1701 112 1750 et
126 1690 314 1749 memoriam
331 1710 434 1751 rerum
454 1702 605 1769 gaeterum
622 1694 719 1754 literie
735 1695 973 1771 consignaeeent.
1015 1693 1120 1773 Neque
1139 1710 1212 1753 vero

74 1774 211 1835 inficior
226 1778 394 1855 Syrorum,
417 1786 510 1856 atque
532 1778 667 1837 Arabum
689 1778 810 1837 nomine
835 1776 1011 1855 frequenter
1030 1778 1061 1837 in
1078 1778 1104 1835 Δ
1123 1776 1214 1837 litere

76 1860 265 1921 terminari:
287 1872 440 1923 servatam
461 1881 527 1921 eeee
547 1883 565 1920 e
582 1861 705 1921 Graecia
727 1882 793 1921 eam
807 1860 1047 1921 terminationem
1069 1880 1212 1939 pernego.

79 1943 253 2019 Αόιλαλλο,
274 1944 432 2020 illocalia,
461 1944 613 2027 Toplmlo.
656 1946 702 2007 lte
723 1946 848 2025 quidem
870 1945 994 2008 Arabes.
1051 1946 1213 2020 Quomodo

83 2040 193 2090 autem
225 2031 359 2091 Grueoi'l
392 2028 592 2109 Theophanee
619 2052 650 2112 p.
673 2032 749 2099 294.
780 2028 973 2110 Movoottt
998 2034 1055 2093 τοῦ
1078 2033 1211 2111 Αβδελᾶ.

83 2116 174 2176 Peru
187 2115 374 2194 equidem
364 2137 398 2177 ιιι
415 2118 442 2175 Δ
460 2114 522 2175 hoc
535 2116 616 2193 ent,
638 2125 669 2176 et
686 2125 795 2177 contre
812 2136 860 2175 me
875 2116 958 2178 lacit.
1001 2115 1062 2177 Sed
1073 2117 1211 2177 noloeoe

86 2202 123 2260 in
136 2201 286 2260 laetitiam
298 2203 411 2261 sruetre
425 2201 585 2281 conjicere,
627 2201 708 2261 lllud
722 2202 801 2261 enim
814 2200 1085 2304 perincommode
1075 2211 1212 2263 interve·

88 2286 140 2345 nit
161 2285 318 2346 ibidem‘
298 2288 475 2393 οΛβδελᾶρ
488 2283 575 2360 οἷος,
596 2297 626 2346 et
644 2286 729 2369 apud
749 2288 896 2345 Zonerem
917 2280 1094 2388 Μαοᾶλμας
1117 2285 1212 2349 ὁτῶν

91 2365 275 2452 Αράβων’
253 2394 400 2455 αρχηγος,
431 2371 514 2450 apud
531 2372 670 2433 Mulelam
696 2376 844 2455 Ταφαρᾶς
865 2369 883 2435 d
905 2364 1067 2451 φύλαρχος.
1099 2371 1211 2432 Eadem

93 2454 172 2517 mihi
186 2456 224 2517 de
238 2458 370 2536 Syriacis
383 2456 558 2517 nominibue
573 2461 722 2519 eeotentie
742 2466 797 2517 eet.
824 2455 1027 2559 Porphyriue
1049 2456 1133 2537 apud
1149 2458 1212 2517 Eu-

96 2542 211 2601 eebium
227 2544 386 2621 Scaligeriz
413 2546 601 2646 Πτολεμαῖος
621 2538 695 2607 δὲ’
674 2560 905 2649 αγανακτηοας,
927 2566 972 2606 οτι
986 2566 1028 2627 τρι
1016 2544 1211 2643 Πηλουσίῳ

96 2626 314 2709 προσέβαλεν*
298 2652 316 2691 o
330 2624 523 2710 Δημήτριος,
546 2622 597 2692 ἔτι
613 2633 675 2692 τῶν
689 2652 746 2691 κατ
750 2622 931 2709 Ἀἴγυπτον
937 2620 1131 2735 πραγμάτων
1151 2604 1213 2731 lyd-

99 2735 207 2793 μενος,
221 2712 337 2821 πέμπει
352 2713 477 2795 βασιλέα
491 2717 552 2820 γῆς
567 2715 667 2789 Λολας
680 2712 889 2792 Αλέξανδρον,
921 2710 964 2787 oie
985 2708 1057 2775 οἷον
1079 2708 1213 2787 Alticie-

100 2794 236 2879 douo,
218 2822 254 2873 ος
277 2794 329 2862 ded
353 2823 388 2863 το
414 2796 459 2872 oie
479 2792 642 2900 ἄγοροστός
672 2794 751 2861 εἶναι
778 2802 834 2863 τοῦ
858 2799 1050 2879 Πτολεμαίου
1072 2798 1213 2902 Ζαβινᾶς

101 2877 252 2965 ἐπεκλήθη
265 2907 345 2986 προς
361 2888 424 2949 τῶν
440 2879 564 2966 Σύρων.
591 2894 623 2947 et
641 2882 808 2965 λαιορΙιιιιι
830 2882 1023 2964 Αλέξανδρον
1045 2905 1100 2945 τον
1124 2884 1212 2962 Ζεβι-

102 2992 163 3031 ναν
173 2966 384 3052 λπιλιγομευον
425 2969 464 3029 Et
483 2968 592 3029 eodem
614 2972 734 3031 nomine
749 2968 959 3029 Antiocheueie
972 2968 1141 3063 Episcopue
1157 2974 1213 3030 Ze-

106 3054 386 3160 βῖνοςΝἰιορΙιοιο,
408 3054 560 3161 Ζίβινγος
574 3054 731 3116 Zebmnre
753 3054 885 3115 Eueebio
908 3064 937 3113 et
953 3044 1140 3132 Hieronymo
1154 3074 1213 3113 νο-

108 3149 200 3201 catur.
243 3142 337 3219 Atqui
365 3134 531 3242 ἀγοραστὰς
560 3155 675 3223 emptus
694 3140 821 3245 Syriepe
840 3149 886 3203 eet
906 3138 1007 3199 Zdino
1028 3138 1080 3198 vel
1101 3134 1211 3199 Zbino.

108 3226 155 3285 lta
171 3226 275 3285 Greeee
299 3226 429 3300 dixeris,
450 3220 600 3331 Ιοᾶννκγρ
620 3221 832 3326 dAvreoyedc,
859 3220 895 3298 ὃς
920 3221 971 3285 dmi
994 3218 1027 3286 τὰ
1051 3218 1213 3321 φιλολόγος
1230 3226 1255 3281 0
1274 3229 1310 3290 Sl

111 3306 280 3374 εἷναιΜαλέ
280 3317 333 3384 loe
347 3304 504 3409 ἐπεκλήθη
520 3335 599 3391 προς
611 3334 674 3373 των
686 3304 814 3392 Συριιν
835 3311 903 3385 vel,
925 3317 960 3368 ut
975 3309 1103 3388 propino
1118 3309 1211 3409 Syro-

111 3416 176 3457 rum
184 3397 458 3478 pronunciationem
472 3397 666 3474 eubeeqnitur
678 3394 900 3456 Demaecenue'
891 3414 956 3473 rpee
969 3398 1074 3473 Syrue,
1097 3386 1210 3455 Melei-

113 3488 173 3555 lrc.
215 3465 284 3542 llam
308 3478 430 3543 Mololo
450 3482 501 3541 uel
522 3478 648 3543 Matala
669 3493 715 3541 eet
743 3490 863 3555 orator,
891 3481 1053 3558 eloquere,
1082 3478 1208 3557 loquax.

113 3568 179 3628 Non
190 3567 302 3628 dillicile
321 3577 367 3627 eet
381 3566 555 3645 conjectura
571 3566 707 3646 assequi,
726 3576 825 3626 utram
840 3564 879 3625 ob
894 3584 1014 3625 caueam
1030 3583 1211 3667 cpgnomen-

116 3664 149 3713 to
167 3654 212 3713 illo
228 3663 327 3713 euctue
349 3652 441 3712 luerit
461 3654 608 3729 loannee,
627 3648 782 3714 Λυλεῖν”
761 3670 896 3731 υριοτος,
919 3644 1148 3724 ἀδυνατώτατος
1165 3648 1210 3711 λέ-

117 3736 876 3901 lltlttlisstlttltt.tllltlltlt,
879 3737 964 3881 ”ll
983 3732 1122 3917 iiiiii.
1144 3735 1210 3881 ⁵³13}

124 3904 206 3987 Cipio
225 3930 326 3969 mxum
346 3912 479 3987 Κηφᾶς,
510 3908 627 3970 Thomu
652 3908 796 3988 gemellue
817 3910 944 4008 Θωγιᾶς,
975 3915 1005 3966 et
1032 3906 1118 3985 eique
1138 3915 1210 3966 eunt

123 3994 183 4053 ulie.
218 3996 280 4056 Mal.
297 4016 329 4073 p.
347 3993 400 4060 41
421 3989 619 4074 Αντλοχον
584 4017 639 4057 τον
657 3994 784 4070 ἐπίκλην
808 3988 965 4067 Χούζωνα
993 3991 1102 4055 Mirum
1120 3992 1153 4049 ni
1169 4009 1209 4050 ex

123 4080 225 4141 illorum
236 4079 377 4141 tententie
392 4090 623 4155 cognomentum
642 4077 785 4140 Antiochi
800 4077 859 4137 luit
874 4074 1014 4141 cimona
1028 4096 1101 4135 caru
1112 4084 1209 4152 recto,

107 4174 157 4225 ’ut
167 4164 282 4227 Melete.-
305 4185 375 4225 cum
389 4166 478 4225 umbo
501 4166 562 4225 eint
577 4164 805 4227 Antiochenam.
849 4162 932 4237 Quid
945 4182 1015 4264 ergo
1031 4161 1089 4221 eibi
1101 4164 1210 4221 uolunt

126 4253 208 4331 islep
221 4252 263 4317 65.
288 4252 439 4330 Arctoque
452 4247 505 4314 τὸν
518 4245 713 4325 Χούζυνα
679 4274 734 4313 τον
748 4250 874 4346 ἔγγογον
887 4240 1037 4345 Αντιοχου
1055 4270 1111 4309 του
1099 4239 1209 4308 Xoi-

129 4333 224 4413 ζονιγλ
240 4335 364 4413 Quodn
378 4356 596 4419 aequequeque
607 4336 733 4418 Syriaco
747 4334 868 4397 immine
886 4334 998 4395 imitari
1014 4341 1045 4394 et
1058 4331 1210 4412 exprime·
