2950 4817
410 324 411 327 κ
508 293 865 366 ANNOTATIONEs.
1157 309 1235 382 559

133 461 233 528 sossio
250 459 400 534 sseldssov
414 461 599 551 οιίιομᾶσθιρ,
621 465 667 534 ὅτι
684 467 717 534 ἔν
729 493 762 534 τι
778 477 824 556 τῷ
839 474 983 560 Παλατίῳ
999 475 1148 565 λεγομὲνφ
1161 475 1236 563 ὄρει,

134 547 169 614 ἔν
183 543 210 636 oi
224 553 419 630 Φουστοῦλος
437 551 518 640 dues,
543 555 595 620 ιιοιὶ
606 555 670 620 inei
677 553 710 620 ni
724 553 903 641 στρατήγιον
917 557 984 642 εἶχε.

223 640 294 719 Peg.
316 644 386 706 168.
413 641 464 709 16.
500 639 558 722 τὴν
576 641 729 724 θυγατέρα
743 645 800 707 soei
812 647 949 710 Λατλνου
963 649 1140 730 alderice]
1170 653 1236 714 Ser.

134 722 306 802 Λαβινλαν,
330 725 436 804 ethic,
459 736 489 789 et
504 728 537 786 in
554 729 761 808 sequentibus:
784 730 908 791 lavinia
922 734 1001 792 enim
1014 734 1097 794 dicta
1107 735 1167 794 luit
1181 736 1237 794 Le-

133 807 191 871 tini
212 807 292 886 iilia3
321 811 554 892 Laviniumque,
576 813 648 873 urba
669 813 706 872 ab
727 814 827 876 Aenea
849 838 867 876 a
888 822 1009 878 nomine
1025 821 1089 898 ejus
1107 820 1238 882 condita.

133 891 244 952 Verum
259 915 325 954 cum
342 907 463 974 nostro,
482 898 514 958 in
528 897 586 958 hac
600 903 717 962 Aeneae
731 897 858 962 historia
865 946 875 981 ,
897 904 1097 986 Romanisque
1108 906 1239 986 primor-

131 975 191 1036 diis
205 979 311 1060 ineptit
329 984 416 1042 etiam
436 984 599 1044 Cedrenus.

217 1069 289 1146 Peg.
313 1073 386 1147 168.
412 1073 464 1136 28.
495 1069 547 1132 sod
569 1068 663 1134 ἔκτισε
682 1065 740 1150 τήν
761 1073 939 1154 Αλβανίαν]
966 1073 1059 1152 Alba,
1089 1074 1173 1135 dicte
1191 1082 1238 1136 est

130 1145 207 1208 haec
220 1151 295 1210 urba
313 1153 350 1210 ab
367 1152 497 1214 Ascanio
519 1155 657 1215 condita:
687 1164 837 1218 caeterum
860 1180 930 1219 cum
954 1181 1033 1240 quae
1049 1161 1168 1242 profert
1187 1159 1239 1221 hic

130 1235 252 1296 Author
265 1237 372 1298 Noster
386 1261 402 1298 ιι
416 1261 491 1302 vero
503 1254 539 1302 ut
551 1241 716 1320 plurimum
738 1244 833 1305 aliene
846 1245 922 1316 sint,
952 1256 1040 1326 atque
1062 1247 1134 1305 alias
1149 1245 1239 1306 ctiam

132 1320 270 1384 omuibus
286 1327 462 1409 cotiarum,
493 1348 611 1388 errores
630 1328 760 1406 singulos
773 1340 881 1392 notare
896 1330 1107 1410 supersedebo.

218 1413 289 1489 Peg.
313 1415 383 1474 169.
405 1417 435 1476 6.
473 1412 899 1492 ΕλιαιιεΙμ,ι1υΐο“ςΙησοι1]
927 1417 1031 1474 lesnes
1053 1413 1162 1472 Pontii.
1185 1415 1239 1494 qui
1318 1448 1324 1460 ·

131 1511 201 1553 cnm
217 1495 382 1555 Zorobabel
396 1497 621 1578 Hierosolymam
635 1517 776 1558 reversus
789 1506 846 1573 est,
866 1496 946 1556 iilius
962 1497 1083 1576 quidem
1096 1508 1161 1558 crat
1172 1500 1240 1559 Jos·

82 1601 86 1614 ·
130 1580 245 1656 cimus,
266 1600 326 1640 non
347 1581 544 1650 Eliachimus:
580 1583 618 1642 de
639 1581 699 1640 hoc
716 1592 818 1642 tamen
837 1580 1000 1644 Auctorem
1012 1583 1238 1663 intelligendum

128 1685 193 1726 esse
210 1674 295 1743 puto.
745 1742 749 1748 .

216 1755 288 1831 Peg.
304 1755 374 1816 169.
395 1757 427 1816 7.
449 1743 600 1824 Ιπποὶσιος
612 1742 796 1830 φιλόσοφος]
817 1749 909 1812 Forte
920 1751 972 1812 hic
984 1751 1065 1814 idem
1081 1762 1136 1826 est,
1148 1774 1238 1835 quem

126 1833 298 1915 Hesychius
314 1836 426 1897 illustr.
450 1834 520 1914 περὶ
535 1837 653 1912 σοφοῖν,
674 1837 812 1899 Ιπιτιισον
825 1847 931 1898 vocat:
954 1859 1044 1918 quesn
1057 1838 1138 1899 vide.

215 1923 294 2000 Peg.
319 1925 391 1988 169.
416 1924 468 1985 10.
507 1917 581 2002 μετὰ
602 1915 676 1993 eosic
695 1921 934 2005 προειρημένους
953 1919 1142 2001 φιλοσόφους
1161 1924 1238 2004 etc]

127 2005 216 2066 locus
229 2005 287 2064 iste
300 2004 375 2066 odeo
389 2004 550 2065 mendosus
566 2014 621 2083 est,
646 2013 681 2064 ut
694 2026 785 2066 sanus
801 2007 911 2087 aliquis
927 2030 1032 2070 sensus
1047 2009 1155 2068 exinde
1170 2010 1240 2070 elici
1300 2022 1306 2049 '

126 2091 185 2150 vix
204 2089 326 2170 poterit.
370 2091 532 2152 Stesichori
551 2090 614 2150 duo
631 2091 766 2152 fuerunt:
788 2113 919 2171 quorum
932 2095 1050 2175 primus
1060 2093 1240 2174 Thucydide

127 2175 227 2235 mullo
251 2175 417 2253 antiquiora
436 2198 493 2237 nec
502 2187 602 2238 tamen
620 2177 808 2238 Stesichorus
830 2179 905 2238 alter
922 2180 951 2240 ei
968 2190 1239 2260 contemporaneus

127 2269 212 2333 erat;
245 2260 300 2320 sed
320 2262 476 2343 eliquanto
502 2260 621 2342 junior;
653 2261 692 2323 de
716 2283 778 2343 quo
801 2263 872 2328 vide
891 2265 935 2327 Cl.
955 2265 1077 2327 Seldeni
1100 2266 1240 2326 Marmor.

126 2345 275 2408 Arundel.

218 2437 292 2512 Peg.
315 2434 385 2496 169.
410 2435 461 2497 18.
501 2427 592 2494 Messi
613 2427 647 2494 di
660 2427 719 2513 τὴν
740 2432 894 2512 βασιλείαν
912 2435 1045 2515 Δαρείου
1064 2438 1122 2498 τοῦ
1135 2433 1239 2498 νεωτέ-

127 2515 222 2598 ρου,]
251 2513 355 2576 Ochus
378 2514 428 2574 hic
450 2517 549 2596 primo
569 2517 686 2593 dictus,
708 2515 818 2576 deinde
841 2518 1002 2596 Dsrisens,
1023 2529 1101 2580 teste
1126 2520 1241 2582 Ctesia:

127 2596 291 2668 Βασιλεύει
305 2603 398 2680 Qec,
410 2601 463 2663 κοιλ
480 2597 709 2683 μετονομάζεται
726 2607 883 2683 Δαριαῖος,
900 2605 950 2664 cui
964 2607 997 2664 iu
1009 2625 1102 2681 regno
1117 2623 1242 2664 succes-

126 2687 168 2748 eit
182 2687 261 2746 filius
278 2685 359 2768 ejus,
381 2685 525 2763 Arsaces,
553 2687 738 2747 Artoxerxes
757 2698 863 2769 postea
878 2689 997 2751 dictus:
1029 2683 1184 2771 βασιλεύει
1206 2688 1241 2754 di

125 2769 288 2858 Αρσιῖιιης,
309 2770 329 2834 ὅ
345 2771 582 2854 μετονομασθεὶς
596 2770 792 2852 Αρτοξὲρξης.
1208 2787 1214 2796 ·

218 2861 291 2938 Pag.
315 2861 385 2922 169.
408 2863 459 2923 21.
490 2852 548 2936 triv
562 2859 673 2920 Σίλπιν
686 2852 800 2936 πόλιν]
822 2856 941 2937 Nugaes
964 2859 1070 2920 urbem
1085 2857 1165 2919 hono
1180 2869 1240 2920 sta·

126 2943 185 3001 tim
208 2944 318 3020 Σίλβιν
339 2951 445 3017 vocat·,
475 2938 650 3026 μεταγαγών
672 2941 705 3005 ἐν
724 2946 766 3030 τῇ
783 2943 888 3022 Σλλβιι
909 2939 996 3008 πόλει
1008 2943 1061 3008 καλ
1075 2941 1108 3008 τὸ
1121 2940 1243 3008 Παλλά-

126 3029 217 3090 droa:
246 3025 398 3086 cedrenus
425 3031 541 3109 Σίλβοιν
567 3027 708 3109 appellat.
754 3027 841 3087 silvii
861 3029 1036 3090 Latinorum
1057 3050 1141 3108 reges
1164 3030 1239 3090 dicti

126 3121 218 3185 sunt,
240 3131 301 3171 non
319 3112 355 3170 ab
371 3112 445 3172 Alba
460 3113 562 3173 nescio
580 3134 655 3192 qno,
676 3112 791 3172 urbere
805 3113 844 3172 ab
861 3134 897 3174 eo
916 3115 1050 3194 conditn3
1079 3115 1133 3175 sed
1149 3137 1166 3174 s
1182 3116 1239 3175 Sil-

125 3197 191 3264 vio,
214 3197 331 3256 Aeneae
347 3218 383 3256 ex
396 3198 520 3258 Lavinia
536 3198 609 3258 lilio.
653 3196 714 3258 Sed
727 3217 784 3257 nec
797 3198 903 3258 Albam
919 3221 1019 3278 regem
1037 3204 1171 3280 agnoscit
1183 3201 1241 3260 Ei-

127 3283 226 3342 etoria
246 3283 395 3357 Romanam
417 3283 491 3342 Alba
508 3283 628 3362 quidem
649 3283 724 3342 urbs
738 3290 817 3358 erat,
838 3283 876 3344 ab
896 3285 1045 3362 Ascanio,
1070 3285 1186 3347 Aeneae
1201 3306 1239 3345 ex

128 3368 241 3427 Creusa
257 3365 288 3428 F.
302 3367 439 3440 condite3
460 3378 495 3429 ut
510 3363 752 3448 supradiximus.

219 3455 291 3532 Pug-
315 3457 386 3518 172.
408 3456 439 3518 9.
470 3459 604 3536 χρυσοῦν
626 3447 796 3533 στηθᾶριον
814 3449 945 3533 στήλην]
966 3452 1077 3514 Maura.
1103 3454 1237 3514 Glossar.

128 3532 320 3612 Στηθοὶριον.
361 3537 520 3600 Ρεοιοτοῐε.
554 3537 721 3599 Amastra
736 3541 866 3620 pectoris
885 3560 1033 3622 equorum.
1075 3537 1166 3620 Apud
1182 3559 1240 3600 no-

128 3631 359 3694 strumensem·
375 3631 406 3681 et
424 3623 537 3686 chron.
554 3624 638 3686 Alex.
658 3634 821 3698 auctorem,
843 3638 1010 3705 prostestata
1023 3624 1137 3704 ubique
1154 3625 1241 3707 polsi-

127 3716 193 3766 tur.
238 3705 418 3786 Hujnsmodi
438 3709 583 3788 imagines
604 3710 727 3769 Graecis
750 3708 968 3769 recentioribus
992 3711 1083 3770 etiem
1103 3704 1243 3790 θώρακες

126 3801 160 3851 et
175 3785 316 3874 θωράκια
330 3792 429 3852 dictae
443 3805 522 3870 sunt,
541 3795 657 3854 scilicet
673 3793 818 3854 umbilico
834 3805 923 3855 tenua
937 3793 1060 3855 ductae:
1081 3793 1136 3855 has
1150 3797 1242 3856 Grae-

127 3875 178 3937 'oia
192 3876 298 3956 purior
318 3875 472 3960 προτομὰς
484 3879 576 3940 dixit.
619 3879 801 3960 Hesychius:
830 3876 994 3960 Προτομή·
1020 3877 1111 3943 sisois
1128 3884 1242 3959 βασιλι-

126 3957 183 4042 ιιιὶ,
205 3960 261 4024 ἕως
276 3967 333 4024 τοῦ
349 3959 492 4044 ὀμφαλοῦ
514 3969 573 4028 sod
588 3960 726 4039 σώματος
741 3961 829 4038 εἶδος.
872 3965 956 4026 Haec
972 3985 1046 4024 vero
1061 3966 1099 4025 de
1113 3967 1242 4026 Romulo

128 4045 231 4107 omnia
246 4045 412 4125 habentur,
437 4059 501 4110 tum
517 4049 598 4128 apud
614 4050 685 4110 chr.
703 4050 789 4110 Alex.
803 4059 868 4112 tum
883 4051 966 4131 opud
979 4051 1168 4127 cedrenum,
1190 4051 1244 4130 qui

128 4153 170 4193 ex
185 4133 499 4214 nostro'dascripaiase
517 4136 670 4211 videnlur,
689 4135 801 4194 Chron.
815 4135 937 4215 quidem
953 4136 1041 4198 Alex.
1059 4147 1167 4198 auctor
1178 4137 1243 4216 ipse

128 4216 240 4291 verba,
264 4220 415 4280 Ccdrenut
428 4241 549 4281 sensum
562 4231 677 4281 tantum
694 4230 825 4280 secutus.

217 4301 296 4386 Peg.
320 4309 391 4372 173.
423 4313 472 4372 12.
516 4305 590 4390 μηνὶ
611 4303 772 4394 Arionem]
803 4304 875 4366 Chr.
899 4305 986 4367 Alex.
1008 4303 1083 4388 μηνὶ
1104 4298 1242 4388 Heiorum,
