2950 4817
576 268 802 341 EPtsTOLa.
1173 286 1245 357 711

298 445 439 509 Ειοναιν
458 446 503 522 ele
523 446 600 529 γῆν,
628 444 760 526 annulae
781 442 999 532 ννμιιδνγδδας

299 525 407 618 Πλδιρ
437 526 584 615 φνγδντες
603 532 742 612 δίπτυχοι
762 536 890 597 νεανίαι.

130 619 205 686 aut,
226 610 253 671 si
273 611 351 674 illud
370 617 516 679 Κοανέαν
537 618 723 697 antiquitatis
747 638 838 679 causa
858 639 980 680 servare
995 619 1087 694 velis,
1110 622 1247 701 quando*

130 694 257 773 quidem
282 721 341 777 qua
363 702 440 763 vixit
453 704 575 765 Mulelas
599 714 777 785 tempestate
790 704 854 785 jam
865 706 898 765 iu
912 705 995 765 libris
1010 705 1246 787 inveteraverat5

128 778 164 837 in
176 778 260 843 huna
273 786 415 851 modum:

299 875 439 937 Ηιιουσιν
460 874 505 949 τίς
517 878 603 974 φῆν,
628 874 762 939 nauvias
784 871 1007 961 συμπληγάδων

304 956 422 1037 Πέτραν
444 982 592 1041 φνγοντες
614 961 752 1041 δίπτυχοι
773 964 901 1025 νεανίαι.

128 1033 219 1094 velut
231 1047 337 1117 postea
352 1043 506 1123 loquitur,
529 1038 624 1132 inyai
643 1065 676 1108 ιε
692 1042 781 1109 asian
801 1048 931 1123 κυανέας
946 1045 1001 1121 iias
1015 1040 1136 1127 niaque.
1180 1044 1247 1107 Eie-

127 1131 237 1267 qantqlr·
252 1134 352 1190 autem
371 1128 506 1195 ιινανέαν
519 1129 632 1214 πέτραν
651 1126 894 1215 συμπληγάδων,
914 1142 949 1194 ut
960 1130 1036 1192 nihil
1051 1150 1155 1213 supra.
1197 1130 1248 1190 Sic

158 1226 204 1287 arg
228 1228 294 1272 tunt

376 1294 486 1377 (lnaies
511 1298 649 1377 llsreicia
666 1323 731 1363 cum
747 1302 879 1382 fiumina
894 1298 1121 1361 Thermodontis

127 1384 162 1435 et
176 1376 348 1441 Lucretius:
373 1380 580 1445 Pulverulenta
598 1382 690 1460 Ceres,
713 1401 740 1444 et
754 1384 854 1447 Etesiu
875 1384 975 1467 flabro
990 1380 1189 1465 Aquilonum.

127 1460 303 1525 etiterum:
374 1467 414 1527 Ut
428 1466 615 1549 Babylonica
637 1466 823 1529 Chaldaeum
844 1468 981 1530 doctrina
999 1470 1140 1553 refletunt.

128 1554 162 1605 ei
176 1549 312 1612 tertium:
367 1548 528 1631 impellant
546 1567 578 1611 ut
593 1576 655 1613 eam
679 1555 836 1637 Magnesia
852 1556 983 1633 flumina
1001 1556 1083 1613 saxi.

125 1631 180 1689 Sic
193 1634 313 1709 legendi
327 1646 398 1695 sunt
411 1636 472 1694 duo
487 1637 545 1695 loci
555 1638 727 1712 novissimi3
749 1638 878 1697 inlibris
893 1636 1020 1715 vulgatis
1036 1639 1133 1695 minus
1148 1656 1247 1697 emen-

125 1716 194 1775 dati
223 1718 375 1781 feruntur.
427 1720 460 1780 P.
481 1725 551 1785 176·
580 1726 641 1783 acti
663 1725 832 1784 Πελοπείου
854 1722 961 1803 γένους
980 1716 1153 1803 σήμαντρον
1175 1722 1246 1799 ἔχει,

124 1798 234 1863 ἐλαίαν
252 1803 284 1865 ἐν
298 1810 343 1889 τῷ
356 1800 438 1889 ὤμῳ.
482 1804 546 1863 laus
562 1804 621 1864 boc
636 1827 693 1886 pro
710 1808 869 1887 explorato
888 1806 997 1880 habeo,
1019 1808 1122 1871 liniae
1138 1807 1173 1865 ab
1189 1806 1247 1867 liae

124 1886 247 1965 pecude
263 1892 391 1967 positam
413 1909 477 1949 esse
492 1910 550 1969 pro
565 1890 722 1967 ἐλέφαντα.
766 1892 823 1950 Cui
838 1892 917 1953 enim
929 1892 1020 1953 fando
1036 1892 1173 1953 auditum
1191 1900 1246 1970 est,

126 1971 298 2051 oleaginum
317 1974 476 2035 humerum
491 1974 581 2033 fuisse
595 1976 722 2057 Pelopi?

296 2061 353 2118 Cui
367 2080 428 2119 aaa
444 2059 545 2119 dietus
561 2060 654 2139 Hylas
668 2082 744 2141 puer
764 2072 794 2121 et
809 2062 932 2121 Latonia
949 2061 1038 2121 Delos
1260 2060 1284 2117 V
1300 2062 1336 2119 23

295 2143 542 2224 Hippodameque
553 2144 740 2225 humeroque
751 2146 862 2225 Pelops
873 2146 998 2225 insignis
1011 2146 1150 2207 eburnu'l

295 2230 377 2292 Επεδ
398 2251 448 2292 νιν
467 2235 610 2313 καθαροῦ
629 2230 754 2309 λέβητος
777 2231 855 2309 ἔξελε

295 2311 419 2377 Κλωθώ
438 2312 579 2387 ἐλέφαντι
598 2318 747 2399 φαίδιμον

295 2403 386 2479 Ωμον
407 2400 602 2478 κεκαδμένον.

125 2479 196 2541 Atta
207 2482 303 2543 mults
321 2494 392 2543 sunt
408 2486 490 2565 apud
508 2486 644 2547 Malelam
660 2505 697 2545 ex
712 2484 815 2569 eadem
830 2483 933 2543 sabula
944 2484 1061 2560 tralata,
1084 2506 1160 2566 quse
1176 2487 1247 2547 mis.
1265 2488 1290 2541 0
1305 2485 1340 2545 ta

125 2586 160 2624 aa
176 2566 265 2627 sacia.
301 2572 364 2629 Cur
378 2574 455 2629 enim
469 2592 515 2631 me
529 2571 715 2651 mancipium
731 2570 838 2631 faciam
853 2576 1125 2651 παραφρονοῦντος
1140 2570 1247 2636 δεσπό-

124 2650 209 2714 aov?
250 2654 373 2734 Majoris
392 2656 485 2715 fuerit
505 2666 535 2716 et
553 2656 721 2735 voluptatis
742 2666 773 2714 et
794 2655 914 2714 sauctus
939 2674 1135 2731 cognoscere,
1171 2679 1247 2737 quas

127 2759 261 2797 summus
279 2754 370 2819 poeta
391 2737 506 2800 Ennius
523 2740 561 2799 de
578 2742 678 2821 priore
696 2738 849 2820 iphigenia
872 2740 1031 2803 convertit.
1074 2742 1169 2801 iulius
1188 2745 1246 2802 iiu-

126 2822 257 2881 liniaaus
272 2824 310 2884 de
325 2822 427 2902 figuris
450 2826 663 2885 sententiarum
681 2836 710 2885 et
729 2824 922 2885 elocutionis:
954 2824 1152 2905 Aganactesis
1166 2824 1245 2885 indi.

124 2908 251 2987 gnatia,
281 2931 358 2992 quae
372 2912 411 2991 fit
431 2913 566 2970 maxime
587 2912 840 2991 pronunciatione.
884 2908 997 2969 Ennius
1017 2911 1050 2970 in
1074 2910 1247 2993 Iphigenia:

127 2990 289 3053 Menelaus
312 3016 358 3052 me
370 2994 526 3077 objurgat,
548 2992 583 3055 id
598 2998 670 3055 meis
687 2995 771 3057 rebus
786 2997 911 3075 regimen
926 3008 1023 3055 restat.
1067 2996 1246 3057 Dormitavit

126 3074 183 3135 liic
198 3081 247 3136 nir
260 3098 395 3138 summus
415 3080 484 3139 Ges.
498 3080 631 3141 Vossius.
673 3082 759 3158 Nam,
780 3081 804 3139 si
820 3100 909 3139 unam
925 3080 1069 3161 syllabam
1083 3080 1245 3157 addideris,

126 3158 301 3223 trochaicus
317 3166 375 3224 erit
390 3166 590 3228 catalecticus.

216 3246 375 3309 Menelaus
396 3274 441 3309 me
463 3248 621 3331 objurgat:
642 3246 677 3309 iai
694 3250 766 3309 meis
781 3246 860 3309 reba*
883 3250 1008 3331 regimen
1031 3250 1146 3309 restitut

128 3331 216 3413 quod
228 3353 322 3411 genus
336 3354 443 3394 versus
458 3334 696 3395 commodissime
714 3332 841 3394 inservit
854 3338 892 3419 τῇ
906 3330 1124 3417 α’γαναατήσει·
1149 3332 1246 3394 utdin

128 3420 268 3498 estquod
277 3423 341 3500 ipse
353 3421 386 3479 iu
395 3420 528 3497 Tragicis
541 3420 665 3481 Graecis
675 3420 850 3492 observavi3
863 3418 1039 3499 priusquam
1052 3418 1085 3478 id
1099 3417 1137 3477 de
1153 3418 1245 3477 Scito.

128 3504 220 3565 liasts
233 3504 430 3581 Hermogenis
452 3506 635 3565 didicissem.
679 3506 763 3566 idem
778 3502 953 3565 Rufinianus
969 3514 1089 3585 postes:
1123 3500 1245 3582 Synari-

129 3592 173 3649 sis
194 3592 254 3649 siue
274 3590 427 3651 antithesis
453 3594 639 3674 comparatio
663 3612 758 3651 rerum
786 3603 875 3673 utque
899 3612 1091 3671 personarum
1119 3590 1195 3648 inter
1216 3612 1246 3649 se

128 3676 369 3734 contrariarum:
398 3690 440 3749 ut,
462 3699 516 3755 ega
530 3673 656 3758 plector,
679 3672 761 3759 quoti
778 3689 810 3735 tu
821 3695 947 3754 peccas:
968 3690 1001 3735 tu
1015 3672 1171 3756 delinquis,
1192 3694 1246 3753 ego

128 3779 242 3839 angam
254 3782 310 3839 pra
325 3758 515 3844 malefactis.-
538 3758 657 3821 Helena
670 3756 779 3837 redeat,
803 3761 885 3839 uirga
900 3774 1000 3841 pereat
1015 3762 1170 3819 innocens.-
1191 3774 1245 3819 tua

130 3844 338 3903 reconcilietur
350 3868 446 3914 umor,
467 3868 533 3905 meu
548 3861 666 3907 necetur
680 3842 762 3925 salia.
808 3843 895 3903 Hunc
908 3845 997 3905 etiam
1012 3844 1114 3903 locum
1130 3844 1168 3903 ad
1184 3844 1246 3901 Ea.

128 3928 174 3987 nii
189 3928 374 4007 Iphigeniam
394 3932 489 3991 refert
500 3931 644 3990 Italarum
664 3928 855 3991 doctissimus
870 3929 1069 4009 Hieronymus
1085 3930 1245 3989 Columna:

129 4014 227 4075 invito
248 4026 349 4076 tamen
366 4025 396 4075 et
407 4026 594 4097 repugnants
609 4017 727 4092 vossio,
749 4015 858 4095 partim
874 4014 945 4093 quia
961 4024 1050 4073 autor
1064 4034 1124 4073 nun
1139 4012 1245 4073 lauda·

131 4109 201 4177 tur,
221 4104 332 4179 partim
353 4102 425 4180 quia
446 4122 507 4161 uua
527 4104 630 4162 vincta
651 4102 706 4162 scd
728 4099 877 4180 pedestris
899 4102 995 4159 oratio
1009 4108 1071 4175 est;
1104 4097 1141 4157 ad
1161 4098 1245 4176 quod

131 4187 253 4261 mirum,
274 4189 326 4263 ait,
348 4209 410 4247 aon
431 4187 593 4247 attendisse
605 4187 793 4248 Columnam.
834 4186 943 4247 Peccet
955 4183 1109 4259 Columna,
1132 4192 1161 4242 et
1175 4200 1245 4261 pec-

132 4281 183 4333 cat
196 4271 337 4353 quidem,
357 4273 390 4332 ia
403 4275 554 4335 versibus:
579 4292 636 4352 ego
651 4293 724 4335 vera
733 4315 743 4347 ,
765 4290 834 4329 cum
849 4270 939 4331 certis
952 4268 1045 4349 signis
1062 4266 1145 4328 hunc
1155 4265 1243 4325 Ennii
