<?xml version="1.0" encoding="UTF-8"?>
<!DOCTYPE html PUBLIC "-//W3C//DTD XHTML 1.0 Transitional//EN"
    "http://www.w3.org/TR/xhtml1/DTD/xhtml1-transitional.dtd">
<html xmlns="http://www.w3.org/1999/xhtml" xml:lang="en" lang="en">
 <head>
  <title>
</title>
<meta http-equiv="Content-Type" content="text/html;charset=utf-8" />
  <meta name='ocr-system' content='tesseract 3.04.00' />
  <meta name='ocr-capabilities' content='ocr_page ocr_carea ocr_par ocr_line ocrx_word'/>
</head>
<body>
  <div class='ocr_page' id='page_1' title='image "./corpusscriptoru35theogoog/corpusscriptoru35theogoog_1003.png"; bbox 0 0 2950 4817; ppageno 0'>
   <div class='ocr_carea' id='block_1_1' title="bbox 450 206 1242 351">
    <p class='ocr_par' dir='ltr' id='par_1_1' title="bbox 450 206 1242 351">
     <span class='ocr_line' id='line_1_1' title="bbox 450 206 1242 351; baseline 0.006 -22"><span class='ocrx_word' id='word_1_1' title='bbox 450 206 454 211; x_wconf 29' lang='lat'>⁸</span> <span class='ocrx_word' id='word_1_2' title='bbox 563 260 800 333; x_wconf 72' lang='lat' dir='ltr'>semrom</span> <span class='ocrx_word' id='word_1_3' title='bbox 1163 274 1242 351; x_wconf 75' lang='lat'>75¹1</span> 
     </span>
    </p>
   </div>
   <div class='ocr_carea' id='block_1_2' title="bbox 125 436 1244 1119">
    <p class='ocr_par' dir='ltr' id='par_1_2' title="bbox 125 436 1244 1119">
     <span class='ocr_line' id='line_1_2' title="bbox 125 436 1241 524; baseline 0.004 -24"><span class='ocrx_word' id='word_1_4' title='bbox 125 439 242 500; x_wconf 83' lang='lat' dir='ltr'>Notum</span> <span class='ocrx_word' id='word_1_5' title='bbox 256 445 302 499; x_wconf 79' lang='lat' dir='ltr'>est</span> <span class='ocrx_word' id='word_1_6' title='bbox 319 436 383 519; x_wconf 85' lang='lat' dir='ltr'>jnn</span> <span class='ocrx_word' id='word_1_7' title='bbox 395 438 528 499; x_wconf 80' lang='lat' dir='ltr'>smultis</span> <span class='ocrx_word' id='word_1_8' title='bbox 546 440 675 501; x_wconf 83' lang='lat' dir='ltr'>saeculis</span> <span class='ocrx_word' id='word_1_9' title='bbox 689 460 805 503; x_wconf 86' lang='lat' dir='ltr'>morem</span> <span class='ocrx_word' id='word_1_10' title='bbox 825 438 988 503; x_wconf 76' lang='lat' dir='ltr'>invuuisse</span> <span class='ocrx_word' id='word_1_11' title='bbox 1000 440 1084 524; x_wconf 83' lang='lat' dir='ltr'>apud</span> <span class='ocrx_word' id='word_1_12' title='bbox 1100 444 1241 518; x_wconf 81' lang='lat' dir='ltr'>Graecos,</span> 
     </span>
     <span class='ocr_line' id='line_1_3' title="bbox 128 524 1243 611; baseline 0.004 -25"><span class='ocrx_word' id='word_1_13' title='bbox 128 536 166 586; x_wconf 87' lang='lat' dir='ltr'>ut</span> <span class='ocrx_word' id='word_1_14' title='bbox 179 525 286 585; x_wconf 83' lang='lat' dir='ltr'>eodem</span> <span class='ocrx_word' id='word_1_15' title='bbox 299 545 374 585; x_wconf 92' lang='lat' dir='ltr'>sono</span> <span class='ocrx_word' id='word_1_16' title='bbox 391 524 569 610; x_wconf 81' lang='lat' dir='ltr'>efferrentur</span> <span class='ocrx_word' id='word_1_17' title='bbox 582 549 615 589; x_wconf 91' lang='grc' dir='ltr'>αι</span> <span class='ocrx_word' id='word_1_18' title='bbox 625 536 655 586; x_wconf 90' lang='lat' dir='ltr'>et</span> <span class='ocrx_word' id='word_1_19' title='bbox 669 550 693 605; x_wconf 90' lang='grc' dir='ltr'>ε,</span> <span class='ocrx_word' id='word_1_20' title='bbox 715 550 747 589; x_wconf 91' lang='grc' dir='ltr'><strong><em>οι</em></strong></span> <span class='ocrx_word' id='word_1_21' title='bbox 760 536 789 587; x_wconf 86' lang='lat' dir='ltr'>et</span> <span class='ocrx_word' id='word_1_22' title='bbox 804 549 835 589; x_wconf 83' lang='lat' dir='ltr'>u·</span> <span class='ocrx_word' id='word_1_23' title='bbox 877 528 950 587; x_wconf 79' lang='lat' dir='ltr'>Tum</span> <span class='ocrx_word' id='word_1_24' title='bbox 961 532 1094 610; x_wconf 82' lang='lat' dir='ltr'>captiosa</span> <span class='ocrx_word' id='word_1_25' title='bbox 1107 552 1243 611; x_wconf 86' lang='lat' dir='ltr'>pronun·</span> 
     </span>
     <span class='ocr_line' id='line_1_4' title="bbox 129 609 1243 703; baseline 0.009 -34"><span class='ocrx_word' id='word_1_26' title='bbox 129 612 222 671; x_wconf 87' lang='lat' dir='ltr'>ciatio</span> <span class='ocrx_word' id='word_1_27' title='bbox 244 609 361 671; x_wconf 89' lang='lat' dir='ltr'>mendis</span> <span class='ocrx_word' id='word_1_28' title='bbox 381 609 506 670; x_wconf 81' lang='lat' dir='ltr'>infinitis</span> <span class='ocrx_word' id='word_1_29' title='bbox 527 611 622 671; x_wconf 89' lang='lat' dir='ltr'>libros</span> <span class='ocrx_word' id='word_1_30' title='bbox 644 611 797 693; x_wconf 86' lang='lat' dir='ltr'>opplevit:</span> <span class='ocrx_word' id='word_1_31' title='bbox 827 621 863 673; x_wconf 89' lang='lat' dir='ltr'>ut</span> <span class='ocrx_word' id='word_1_32' title='bbox 883 613 955 674; x_wconf 67' lang='lat' dir='ltr'>Met.</span> <span class='ocrx_word' id='word_1_33' title='bbox 975 635 1008 694; x_wconf 87' lang='lat' dir='ltr'>p.</span> <span class='ocrx_word' id='word_1_34' title='bbox 1021 614 1063 681; x_wconf 78' lang='grc'>47</span> <span class='ocrx_word' id='word_1_35' title='bbox 1083 618 1175 685; x_wconf 78' lang='lat' dir='ltr'>et49.</span> <span class='ocrx_word' id='word_1_36' title='bbox 1198 620 1243 703; x_wconf 76' lang='grc' dir='ltr'><strong><em>τῶ</em></strong></span> 
     </span>
     <span class='ocr_line' id='line_1_5' title="bbox 127 696 1243 781; baseline 0.004 -24"><span class='ocrx_word' id='word_1_37' title='bbox 127 697 188 757; x_wconf 79' lang='grc' dir='ltr'><strong><em>οἰῶ</em></strong></span> <span class='ocrx_word' id='word_1_38' title='bbox 207 698 266 756; x_wconf 81' lang='grc' dir='ltr'><strong><em>ποῶ</em></strong></span> <span class='ocrx_word' id='word_1_39' title='bbox 287 696 431 774; x_wconf 77' lang='grc' dir='ltr'><strong><em>Αίχίονος</em></strong></span> <span class='ocrx_word' id='word_1_40' title='bbox 448 701 492 781; x_wconf 76' lang='grc' dir='ltr'>τῷ</span> <span class='ocrx_word' id='word_1_41' title='bbox 515 696 650 773; x_wconf 82' lang='grc' dir='ltr'><strong><em>Πίνθει,</em></strong></span> <span class='ocrx_word' id='word_1_42' title='bbox 678 718 737 778; x_wconf 87' lang='lat' dir='ltr'>pro</span> <span class='ocrx_word' id='word_1_43' title='bbox 759 698 900 778; x_wconf 82' lang='grc' dir='ltr'><strong><em>Εχίονος.</em></strong></span> <span class='ocrx_word' id='word_1_44' title='bbox 932 708 963 760; x_wconf 86' lang='lat' dir='ltr'>et</span> <span class='ocrx_word' id='word_1_45' title='bbox 981 720 998 759; x_wconf 88' lang='lat' dir='ltr'>e</span> <span class='ocrx_word' id='word_1_46' title='bbox 1017 699 1138 763; x_wconf 84' lang='lat' dir='ltr'>diverso</span> <span class='ocrx_word' id='word_1_47' title='bbox 1155 706 1197 768; x_wconf 85' lang='lat'>49</span> <span class='ocrx_word' id='word_1_48' title='bbox 1212 711 1243 763; x_wconf 86' lang='lat' dir='ltr'>et</span> 
     </span>
     <span class='ocr_line' id='line_1_6' title="bbox 129 760 1241 867; baseline 0.002 -20"><span class='ocrx_word' id='word_1_49' title='bbox 129 760 182 847; x_wconf 70' lang='grc' dir='ltr'>δῶ.</span> <span class='ocrx_word' id='word_1_50' title='bbox 205 777 276 862; x_wconf 81' lang='grc' dir='ltr'><strong><em>’όρος</em></strong></span> <span class='ocrx_word' id='word_1_51' title='bbox 290 775 486 862; x_wconf 84' lang='grc' dir='ltr'><strong><em>Κιθερῶνιον</em></strong></span> <span class='ocrx_word' id='word_1_52' title='bbox 499 802 556 861; x_wconf 88' lang='lat' dir='ltr'>pro</span> <span class='ocrx_word' id='word_1_53' title='bbox 572 778 801 864; x_wconf 64' lang='grc' dir='ltr'>Κιθαιρώνειον</span> <span class='ocrx_word' id='word_1_54' title='bbox 822 793 852 843; x_wconf 90' lang='lat' dir='ltr'>et</span> <span class='ocrx_word' id='word_1_55' title='bbox 866 788 934 851; x_wconf 85' lang='lat'><strong>106.</strong></span> <span class='ocrx_word' id='word_1_56' title='bbox 955 782 1093 847; x_wconf 81' lang='grc' dir='ltr'><strong><em>Ανιὲωνι</em></strong></span> <span class='ocrx_word' id='word_1_57' title='bbox 1105 808 1163 867; x_wconf 89' lang='lat' dir='ltr'>pro</span> <span class='ocrx_word' id='word_1_58' title='bbox 1179 792 1241 851; x_wconf 82' lang='grc' dir='ltr'>Αν·</span> 
     </span>
     <span class='ocr_line' id='line_1_7' title="bbox 127 865 1244 951; baseline 0.002 -24"><span class='ocrx_word' id='word_1_59' title='bbox 127 868 214 951; x_wconf 79' lang='grc' dir='ltr'><strong><em>ταίην.</em></strong></span> <span class='ocrx_word' id='word_1_60' title='bbox 233 874 264 926; x_wconf 84' lang='lat' dir='ltr'>et</span> <span class='ocrx_word' id='word_1_61' title='bbox 279 865 337 925; x_wconf 84' lang='lat' dir='ltr'>alia</span> <span class='ocrx_word' id='word_1_62' title='bbox 355 887 416 925; x_wconf 92' lang='lat' dir='ltr'>non</span> <span class='ocrx_word' id='word_1_63' title='bbox 430 888 529 947; x_wconf 73' lang='lat' dir='ltr'>pauca</span> <span class='ocrx_word' id='word_1_64' title='bbox 546 879 651 929; x_wconf 82' lang='lat' dir='ltr'>extant</span> <span class='ocrx_word' id='word_1_65' title='bbox 666 889 703 929; x_wconf 86' lang='lat' dir='ltr'>ex</span> <span class='ocrx_word' id='word_1_66' title='bbox 719 889 756 928; x_wconf 89' lang='lat' dir='ltr'>eo</span> <span class='ocrx_word' id='word_1_67' title='bbox 770 888 888 947; x_wconf 80' lang='lat' dir='ltr'>genere.</span> <span class='ocrx_word' id='word_1_68' title='bbox 910 869 954 927; x_wconf 88' lang='lat' dir='ltr'>sic</span> <span class='ocrx_word' id='word_1_69' title='bbox 965 874 1027 936; x_wconf 81' lang='lat'>211</span> <span class='ocrx_word' id='word_1_70' title='bbox 1043 881 1074 932; x_wconf 91' lang='lat' dir='ltr'>et</span> <span class='ocrx_word' id='word_1_71' title='bbox 1090 876 1161 938; x_wconf 85' lang='lat'><strong>171.</strong></span> <span class='ocrx_word' id='word_1_72' title='bbox 1180 875 1244 935; x_wconf 78' lang='grc' dir='ltr'>Τοῦ</span> 
     </span>
     <span class='ocr_line' id='line_1_8' title="bbox 132 950 1240 1039; baseline 0.005 -26"><span class='ocrx_word' id='word_1_73' title='bbox 132 956 233 1025; x_wconf 69' lang='lat' dir='ltr'>Tosne</span> <span class='ocrx_word' id='word_1_74' title='bbox 253 950 328 1014; x_wconf 83' lang='grc' dir='ltr'><strong><em>οίοῶ</em></strong></span> <span class='ocrx_word' id='word_1_75' title='bbox 346 955 403 1013; x_wconf 81' lang='grc' dir='ltr'>τοῦ</span> <span class='ocrx_word' id='word_1_76' title='bbox 424 954 602 1031; x_wconf 77' lang='grc' dir='ltr'><strong><em>Ναυπλίου,</em></strong></span> <span class='ocrx_word' id='word_1_77' title='bbox 630 974 690 1034; x_wconf 85' lang='lat' dir='ltr'>pro</span> <span class='ocrx_word' id='word_1_78' title='bbox 713 958 835 1028; x_wconf 80' lang='grc' dir='ltr'><strong><em>Οιαιιος.</em></strong></span> <span class='ocrx_word' id='word_1_79' title='bbox 869 964 899 1015; x_wconf 88' lang='lat' dir='ltr'>et</span> <span class='ocrx_word' id='word_1_80' title='bbox 923 952 1065 1034; x_wconf 80' lang='grc' dir='ltr'><strong><em>Σχννέοις</em></strong></span> <span class='ocrx_word' id='word_1_81' title='bbox 1090 961 1159 1037; x_wconf 78' lang='grc'>169.</span> <span class='ocrx_word' id='word_1_82' title='bbox 1182 979 1240 1039; x_wconf 84' lang='lat' dir='ltr'>pro</span> 
     </span>
     <span class='ocr_line' id='line_1_9' title="bbox 125 1034 1242 1119; baseline 0.002 -20"><span class='ocrx_word' id='word_1_83' title='bbox 125 1034 290 1116; x_wconf 73' lang='grc' dir='ltr'><strong><em>Σχοινέως.</em></strong></span> <span class='ocrx_word' id='word_1_84' title='bbox 333 1035 367 1095; x_wconf 95' lang='lat' dir='ltr'>ln</span> <span class='ocrx_word' id='word_1_85' title='bbox 386 1036 543 1097; x_wconf 75' lang='lat' dir='ltr'><strong>codicibus</strong></span> <span class='ocrx_word' id='word_1_86' title='bbox 560 1058 652 1097; x_wconf 87' lang='lat' dir='ltr'>manu</span> <span class='ocrx_word' id='word_1_87' title='bbox 671 1038 783 1098; x_wconf 78' lang='lat' dir='ltr'>notatis</span> <span class='ocrx_word' id='word_1_88' title='bbox 800 1040 993 1119; x_wconf 87' lang='lat' dir='ltr'>promiscuus</span> <span class='ocrx_word' id='word_1_89' title='bbox 1008 1040 1072 1101; x_wconf 87' lang='lat' dir='ltr'>sere</span> <span class='ocrx_word' id='word_1_90' title='bbox 1091 1052 1138 1101; x_wconf 85' lang='lat' dir='ltr'>ert</span> <span class='ocrx_word' id='word_1_91' title='bbox 1150 1062 1242 1101; x_wconf 86' lang='lat' dir='ltr'>voca·</span> 
     </span>
    </p>
   </div>
   <div class='ocr_carea' id='block_1_3' title="bbox 123 1110 1452 1203">
    <p class='ocr_par' dir='ltr' id='par_1_3' title="bbox 123 1110 1452 1203">
     <span class='ocr_line' id='line_1_10' title="bbox 123 1110 1452 1203; baseline 0.005 -22"><span class='ocrx_word' id='word_1_92' title='bbox 123 1120 204 1181; x_wconf 86' lang='lat' dir='ltr'>lium</span> <span class='ocrx_word' id='word_1_93' title='bbox 222 1119 331 1180; x_wconf 89' lang='lat' dir='ltr'>horum</span> <span class='ocrx_word' id='word_1_94' title='bbox 349 1142 432 1183; x_wconf 91' lang='lat' dir='ltr'>usus.</span> <span class='ocrx_word' id='word_1_95' title='bbox 474 1122 542 1183; x_wconf 82' lang='lat' dir='ltr'>Hoc</span> <span class='ocrx_word' id='word_1_96' title='bbox 559 1123 716 1201; x_wconf 76' lang='lat' dir='ltr'>diligenter</span> <span class='ocrx_word' id='word_1_97' title='bbox 734 1124 961 1202; x_wconf 81' lang='lat' dir='ltr'>animadverso,</span> <span class='ocrx_word' id='word_1_98' title='bbox 984 1123 1242 1203; x_wconf 84' lang='lat' dir='ltr'>deploratissimos</span> <span class='ocrx_word' id='word_1_99' title='bbox 1260 1128 1286 1182; x_wconf 91' lang='grc'><strong>0</strong></span> <span class='ocrx_word' id='word_1_100' title='bbox 1303 1130 1339 1187; x_wconf 82' lang='grc'>76</span> <span class='ocrx_word' id='word_1_101' title='bbox 1451 1110 1452 1121; x_wconf 28' lang='lat'>¹</span> 
     </span>
    </p>
   </div>
   <div class='ocr_carea' id='block_1_4' title="bbox 123 1206 1242 1631">
    <p class='ocr_par' dir='ltr' id='par_1_4' title="bbox 123 1206 1242 1631">
     <span class='ocr_line' id='line_1_11' title="bbox 123 1206 1242 1292; baseline 0 -25"><span class='ocrx_word' id='word_1_102' title='bbox 123 1206 214 1267; x_wconf 87' lang='lat' dir='ltr'>locos</span> <span class='ocrx_word' id='word_1_103' title='bbox 236 1206 408 1268; x_wconf 79' lang='lat' dir='ltr'>emendabit</span> <span class='ocrx_word' id='word_1_104' title='bbox 428 1208 514 1269; x_wconf 88' lang='lat' dir='ltr'>nullo</span> <span class='ocrx_word' id='word_1_105' title='bbox 531 1210 668 1287; x_wconf 88' lang='lat' dir='ltr'>negotio,</span> <span class='ocrx_word' id='word_1_106' title='bbox 691 1209 745 1287; x_wconf 85' lang='lat' dir='ltr'>qui</span> <span class='ocrx_word' id='word_1_107' title='bbox 764 1210 915 1288; x_wconf 86' lang='lat' dir='ltr'>ingenium</span> <span class='ocrx_word' id='word_1_108' title='bbox 933 1222 963 1271; x_wconf 94' lang='lat' dir='ltr'>et</span> <span class='ocrx_word' id='word_1_109' title='bbox 973 1210 1121 1292; x_wconf 85' lang='lat' dir='ltr'>judicium</span> <span class='ocrx_word' id='word_1_110' title='bbox 1139 1212 1171 1272; x_wconf 90' lang='lat' dir='ltr'>in</span> <span class='ocrx_word' id='word_1_111' title='bbox 1185 1234 1242 1273; x_wconf 88' lang='lat' dir='ltr'>nu.</span> 
     </span>
     <span class='ocr_line' id='line_1_12' title="bbox 124 1290 1242 1379; baseline 0.011 -28"><span class='ocrx_word' id='word_1_112' title='bbox 124 1302 242 1352; x_wconf 78' lang='lat' dir='ltr'>morato</span> <span class='ocrx_word' id='word_1_113' title='bbox 256 1290 407 1354; x_wconf 83' lang='lat' dir='ltr'>habuerit.</span> <span class='ocrx_word' id='word_1_114' title='bbox 450 1292 632 1355; x_wconf 75' lang='lat' dir='ltr'><strong>Plutarchus</strong></span> <span class='ocrx_word' id='word_1_115' title='bbox 648 1294 687 1353; x_wconf 86' lang='lat' dir='ltr'>‹ls</span> <span class='ocrx_word' id='word_1_116' title='bbox 699 1292 779 1355; x_wconf 83' lang='lat' dir='ltr'>iside</span> <span class='ocrx_word' id='word_1_117' title='bbox 791 1304 823 1355; x_wconf 91' lang='lat' dir='ltr'>et</span> <span class='ocrx_word' id='word_1_118' title='bbox 836 1293 971 1356; x_wconf 88' lang='lat' dir='ltr'>Osiride:</span> <span class='ocrx_word' id='word_1_119' title='bbox 992 1298 1192 1379; x_wconf 79' lang='grc' dir='ltr'><strong><em>Εμπεδοιιλῆς</em></strong></span> <span class='ocrx_word' id='word_1_120' title='bbox 1208 1296 1242 1363; x_wconf 76' lang='lat' dir='ltr'>tlh</span> 
     </span>
     <span class='ocr_line' id='line_1_13' title="bbox 125 1372 1241 1466; baseline 0.002 -25"><span class='ocrx_word' id='word_1_121' title='bbox 125 1374 186 1459; x_wconf 72' lang='grc' dir='ltr'>τήν</span> <span class='ocrx_word' id='word_1_122' title='bbox 198 1375 254 1459; x_wconf 73' lang='grc' dir='ltr'>μὲν</span> <span class='ocrx_word' id='word_1_123' title='bbox 270 1372 465 1462; x_wconf 64' lang='grc' dir='ltr'><strong><em>ἀγαθουργῶν</em></strong></span> <span class='ocrx_word' id='word_1_124' title='bbox 481 1374 580 1461; x_wconf 60' lang='lat' dir='ltr'>cippis</span> <span class='ocrx_word' id='word_1_125' title='bbox 600 1372 691 1460; x_wconf 74' lang='grc' dir='ltr'><strong><em>φιλῶν</em></strong></span> <span class='ocrx_word' id='word_1_126' title='bbox 712 1404 749 1441; x_wconf 85' lang='grc' dir='ltr'>ια</span> <span class='ocrx_word' id='word_1_127' title='bbox 767 1379 820 1441; x_wconf 78' lang='grc' dir='ltr'><strong><em>καί</em></strong></span> <span class='ocrx_word' id='word_1_128' title='bbox 837 1383 959 1460; x_wconf 85' lang='grc' dir='ltr'><strong><em>φιλίαν,</em></strong></span> <span class='ocrx_word' id='word_1_129' title='bbox 980 1380 1125 1453; x_wconf 74' lang='grc' dir='ltr'><strong><em>πολλάκις</em></strong></span> <span class='ocrx_word' id='word_1_130' title='bbox 1139 1380 1173 1443; x_wconf 74' lang='grc' dir='ltr'>δὲ</span> <span class='ocrx_word' id='word_1_131' title='bbox 1187 1382 1241 1466; x_wconf 79' lang='lat' dir='ltr'>olp-</span> 
     </span>
     <span class='ocr_line' id='line_1_14' title="bbox 125 1404 1240 1545; baseline 0.003 -19"><span class='ocrx_word' id='word_1_132' title='bbox 125 1464 239 1544; x_wconf 85' lang='grc' dir='ltr'><strong><em>μονίαν</em></strong></span> <span class='ocrx_word' id='word_1_133' title='bbox 263 1468 424 1527; x_wconf 81' lang='grc' dir='ltr'><strong><em>καλεῖσθαι</em></strong></span> <span class='ocrx_word' id='word_1_134' title='bbox 443 1463 568 1543; x_wconf 78' lang='grc' dir='ltr'><strong><em>μίροπι·</em></strong></span> <span class='ocrx_word' id='word_1_135' title='bbox 598 1461 656 1543; x_wconf 68' lang='lat' dir='ltr'>selu</span> <span class='ocrx_word' id='word_1_136' title='bbox 680 1404 714 1525; x_wconf 48' lang='lat' dir='ltr'>&lt;li</span> <span class='ocrx_word' id='word_1_137' title='bbox 726 1464 862 1545; x_wconf 86' lang='grc' dir='ltr'><strong><em>χείρονα,</em></strong></span> <span class='ocrx_word' id='word_1_138' title='bbox 884 1473 986 1539; x_wconf 79' lang='grc' dir='ltr'><strong><em>νεῖκος</em></strong></span> <span class='ocrx_word' id='word_1_139' title='bbox 1007 1458 1240 1543; x_wconf 81' lang='grc' dir='ltr'><strong><em>ον’λόμενονιιαλ</em></strong></span> 
     </span>
     <span class='ocr_line' id='line_1_15' title="bbox 124 1543 1239 1631; baseline 0 -20"><span class='ocrx_word' id='word_1_140' title='bbox 124 1549 217 1630; x_wconf 78' lang='grc' dir='ltr'><strong><em>δῆριν</em></strong></span> <span class='ocrx_word' id='word_1_141' title='bbox 240 1543 448 1625; x_wconf 81' lang='grc' dir='ltr'><strong><em>αίμαιὸεσσαν.</em></strong></span> <span class='ocrx_word' id='word_1_142' title='bbox 491 1546 618 1607; x_wconf 81' lang='lat' dir='ltr'>Frustra</span> <span class='ocrx_word' id='word_1_143' title='bbox 641 1543 694 1607; x_wconf 92' lang='lat' dir='ltr'>hic</span> <span class='ocrx_word' id='word_1_144' title='bbox 716 1548 897 1611; x_wconf 78' lang='lat' dir='ltr'><strong>Plutarchus</strong></span> <span class='ocrx_word' id='word_1_145' title='bbox 913 1570 970 1631; x_wconf 81' lang='lat' dir='ltr'>per</span> <span class='ocrx_word' id='word_1_146' title='bbox 985 1569 1078 1608; x_wconf 83' lang='lat' dir='ltr'>annos</span> <span class='ocrx_word' id='word_1_147' title='bbox 1094 1549 1239 1611; x_wconf 86' lang='lat' dir='ltr'>ducentos</span> 
     </span>
    </p>
   </div>
   <div class='ocr_carea' id='block_1_5' title="bbox 122 1653 1241 1907">
    <p class='ocr_par' dir='ltr' id='par_1_5' title="bbox 122 1653 1241 1907">
     <span class='ocr_line' id='line_1_16' title="bbox 122 1653 1241 1740; baseline 0.004 -25"><span class='ocrx_word' id='word_1_148' title='bbox 122 1656 301 1715; x_wconf 72' lang='lat' dir='ltr'>criticorum</span> <span class='ocrx_word' id='word_1_149' title='bbox 326 1653 472 1713; x_wconf 84' lang='lat' dir='ltr'>auxilium</span> <span class='ocrx_word' id='word_1_150' title='bbox 489 1653 672 1733; x_wconf 85' lang='lat' dir='ltr'>imploravit.</span> <span class='ocrx_word' id='word_1_151' title='bbox 715 1657 762 1717; x_wconf 83' lang='lat' dir='ltr'>Tu</span> <span class='ocrx_word' id='word_1_152' title='bbox 782 1666 869 1717; x_wconf 84' lang='lat' dir='ltr'>verte</span> <span class='ocrx_word' id='word_1_153' title='bbox 891 1680 924 1719; x_wconf 94' lang='grc' dir='ltr'>αι</span> <span class='ocrx_word' id='word_1_154' title='bbox 943 1656 975 1715; x_wconf 90' lang='lat' dir='ltr'>in</span> <span class='ocrx_word' id='word_1_155' title='bbox 997 1680 1028 1738; x_wconf 85' lang='lat' dir='ltr'>e,</span> <span class='ocrx_word' id='word_1_156' title='bbox 1051 1665 1082 1716; x_wconf 89' lang='lat' dir='ltr'>et</span> <span class='ocrx_word' id='word_1_157' title='bbox 1093 1658 1158 1734; x_wconf 87' lang='lat' dir='ltr'>lege</span> <span class='ocrx_word' id='word_1_158' title='bbox 1176 1664 1241 1740; x_wconf 83' lang='grc' dir='ltr'>Αρ-</span> 
     </span>
     <span class='ocr_line' id='line_1_17' title="bbox 123 1738 1239 1822; baseline -0.003 -20"><span class='ocrx_word' id='word_1_159' title='bbox 123 1741 237 1821; x_wconf 86' lang='grc' dir='ltr'><strong><em>μονίαν</em></strong></span> <span class='ocrx_word' id='word_1_160' title='bbox 259 1743 347 1801; x_wconf 80' lang='grc' dir='ltr'><strong><em>καλεῖ</em></strong></span> <span class='ocrx_word' id='word_1_161' title='bbox 361 1742 549 1819; x_wconf 71' lang='grc' dir='ltr'><strong><em>θεμερῶπιν.</em></strong></span> <span class='ocrx_word' id='word_1_162' title='bbox 602 1738 729 1797; x_wconf 85' lang='lat' dir='ltr'>Porsum</span> <span class='ocrx_word' id='word_1_163' title='bbox 751 1742 885 1813; x_wconf 83' lang='lat' dir='ltr'>excitare</span> <span class='ocrx_word' id='word_1_164' title='bbox 906 1742 1005 1817; x_wconf 85' lang='lat' dir='ltr'>ipsum</span> <span class='ocrx_word' id='word_1_165' title='bbox 1028 1742 1239 1822; x_wconf 86' lang='lat' dir='ltr'>Empedoclem</span> 
     </span>
     <span class='ocr_line' id='line_1_18' title="bbox 122 1818 1154 1907; baseline 0.002 -20"><span class='ocrx_word' id='word_1_166' title='bbox 122 1834 232 1888; x_wconf 86' lang='lat' dir='ltr'>testem</span> <span class='ocrx_word' id='word_1_167' title='bbox 243 1822 335 1906; x_wconf 88' lang='lat' dir='ltr'>hujus</span> <span class='ocrx_word' id='word_1_168' title='bbox 349 1824 563 1898; x_wconf 79' lang='lat' dir='ltr'>correctionis,</span> <span class='ocrx_word' id='word_1_169' title='bbox 586 1822 668 1901; x_wconf 87' lang='lat' dir='ltr'>apud</span> <span class='ocrx_word' id='word_1_170' title='bbox 684 1818 880 1881; x_wconf 77' lang='lat' dir='ltr'>Plutarchum</span> <span class='ocrx_word' id='word_1_171' title='bbox 893 1820 964 1905; x_wconf 80' lang='grc' dir='ltr'><strong><em>περί</em></strong></span> <span class='ocrx_word' id='word_1_172' title='bbox 978 1820 1154 1907; x_wconf 76' lang='grc' dir='ltr'><strong><em>Εῶθνμίας.</em></strong></span> 
     </span>
    </p>
   </div>
   <div class='ocr_carea' id='block_1_6' title="bbox 25 1920 1337 4424">
    <p class='ocr_par' dir='ltr' id='par_1_6' title="bbox 289 1920 1102 2011">
     <span class='ocr_line' id='line_1_19' title="bbox 289 1920 1102 2011; baseline -0.001 -17"><span class='ocrx_word' id='word_1_173' title='bbox 289 1923 377 1994; x_wconf 83' lang='grc' dir='ltr'><strong><em>Ενθ’</em></strong></span> <span class='ocrx_word' id='word_1_174' title='bbox 396 1922 477 2010; x_wconf 76' lang='grc' dir='ltr'><strong><em>ἦσαν</em></strong></span> <span class='ocrx_word' id='word_1_175' title='bbox 499 1928 624 2008; x_wconf 79' lang='grc' dir='ltr'><strong><em>Χθονίη</em></strong></span> <span class='ocrx_word' id='word_1_176' title='bbox 644 1952 692 2007; x_wconf 89' lang='grc' dir='ltr'>τε,</span> <span class='ocrx_word' id='word_1_177' title='bbox 717 1928 771 1991; x_wconf 78' lang='grc' dir='ltr'><strong><em>καὶ</em></strong></span> <span class='ocrx_word' id='word_1_178' title='bbox 791 1920 916 2008; x_wconf 82' lang='grc' dir='ltr'><strong><em>Ηλιόπη</em></strong></span> <span class='ocrx_word' id='word_1_179' title='bbox 937 1934 1102 2011; x_wconf 73' lang='grc' dir='ltr'><strong><em>ταναῶπις,</em></strong></span> 
     </span>
    </p>

    <p class='ocr_par' dir='ltr' id='par_1_7' title="bbox 290 2008 1086 2096">
     <span class='ocr_line' id='line_1_20' title="bbox 290 2008 1086 2096; baseline 0 -19"><span class='ocrx_word' id='word_1_180' title='bbox 290 2020 389 2095; x_wconf 83' lang='grc' dir='ltr'><strong><em>Δῆρις</em></strong></span> <span class='ocrx_word' id='word_1_181' title='bbox 407 2008 445 2075; x_wconf 85' lang='grc' dir='ltr'>θ’</span> <span class='ocrx_word' id='word_1_182' title='bbox 467 2008 664 2094; x_wconf 80' lang='grc' dir='ltr'><strong><em>αίματόεσσα,</em></strong></span> <span class='ocrx_word' id='word_1_183' title='bbox 694 2014 747 2077; x_wconf 79' lang='grc' dir='ltr'><strong><em>καί</em></strong></span> <span class='ocrx_word' id='word_1_184' title='bbox 766 2014 907 2096; x_wconf 86' lang='grc' dir='ltr'><strong><em>Αρμονίη</em></strong></span> <span class='ocrx_word' id='word_1_185' title='bbox 929 2012 1086 2096; x_wconf 78' lang='grc' dir='ltr'><strong><em>λμερῶπις,</em></strong></span> 
     </span>
    </p>

    <p class='ocr_par' dir='ltr' id='par_1_8' title="bbox 289 2092 1121 2182">
     <span class='ocr_line' id='line_1_21' title="bbox 289 2092 1121 2182; baseline 0.005 -22"><span class='ocrx_word' id='word_1_186' title='bbox 289 2099 446 2161; x_wconf 84' lang='grc' dir='ltr'><strong><em>Καλλισιῶ</em></strong></span> <span class='ocrx_word' id='word_1_187' title='bbox 467 2092 509 2173; x_wconf 82' lang='grc' dir='ltr'>τ’,</span> <span class='ocrx_word' id='word_1_188' title='bbox 533 2094 652 2181; x_wconf 66' lang='lat' dir='ltr'>Aluti</span> <span class='ocrx_word' id='word_1_189' title='bbox 674 2120 720 2175; x_wconf 84' lang='grc' dir='ltr'>τε,</span> <span class='ocrx_word' id='word_1_190' title='bbox 745 2093 857 2162; x_wconf 78' lang='grc' dir='ltr'><strong><em>Θόωσά</em></strong></span> <span class='ocrx_word' id='word_1_191' title='bbox 878 2120 911 2161; x_wconf 84' lang='lat' dir='ltr'>re</span> <span class='ocrx_word' id='word_1_192' title='bbox 931 2102 1058 2182; x_wconf 87' lang='grc' dir='ltr'><strong><em>Δειναίη</em></strong></span> <span class='ocrx_word' id='word_1_193' title='bbox 1079 2122 1121 2176; x_wconf 83' lang='grc' dir='ltr'><strong><em>τε,</em></strong></span> 
     </span>
    </p>

    <p class='ocr_par' dir='ltr' id='par_1_9' title="bbox 72 2177 1242 3993">
     <span class='ocr_line' id='line_1_22' title="bbox 291 2177 1120 2269; baseline 0.004 -22"><span class='ocrx_word' id='word_1_194' title='bbox 291 2179 455 2267; x_wconf 79' lang='grc' dir='ltr'><strong><em>Νημερτής</em></strong></span> <span class='ocrx_word' id='word_1_195' title='bbox 474 2178 504 2247; x_wconf 80' lang='grc' dir='ltr'>τ’</span> <span class='ocrx_word' id='word_1_196' title='bbox 528 2179 663 2268; x_wconf 73' lang='grc' dir='ltr'><strong><em>ἐρόεσσα,</em></strong></span> <span class='ocrx_word' id='word_1_197' title='bbox 687 2177 897 2269; x_wconf 74' lang='grc' dir='ltr'><strong><em>μελάγκαρπός</em></strong></span> <span class='ocrx_word' id='word_1_198' title='bbox 917 2178 946 2245; x_wconf 83' lang='grc' dir='ltr'>τ’</span> <span class='ocrx_word' id='word_1_199' title='bbox 966 2178 1120 2265; x_wconf 71' lang='lat' dir='ltr'>Acriores.</span> 
     </span>
     <span class='ocr_line' id='line_1_23' title="bbox 121 2289 1240 2374; baseline 0.005 -23"><span class='ocrx_word' id='word_1_200' title='bbox 121 2289 185 2351; x_wconf 85' lang='lat' dir='ltr'>Ubi</span> <span class='ocrx_word' id='word_1_201' title='bbox 199 2289 329 2352; x_wconf 86' lang='lat' dir='ltr'>libenter</span> <span class='ocrx_word' id='word_1_202' title='bbox 350 2290 472 2369; x_wconf 87' lang='lat' dir='ltr'>legerim</span> <span class='ocrx_word' id='word_1_203' title='bbox 494 2292 615 2371; x_wconf 79' lang='grc' dir='ltr'><strong><em>Δηναίη</em></strong></span> <span class='ocrx_word' id='word_1_204' title='bbox 627 2314 673 2368; x_wconf 85' lang='grc' dir='ltr'>τε,</span> <span class='ocrx_word' id='word_1_205' title='bbox 694 2301 731 2351; x_wconf 91' lang='lat' dir='ltr'>ut</span> <span class='ocrx_word' id='word_1_206' title='bbox 751 2291 899 2352; x_wconf 84' lang='lat' dir='ltr'>contrariu</span> <span class='ocrx_word' id='word_1_207' title='bbox 917 2290 997 2351; x_wconf 84' lang='lat' dir='ltr'>inter</span> <span class='ocrx_word' id='word_1_208' title='bbox 1014 2314 1046 2353; x_wconf 90' lang='lat' dir='ltr'>se</span> <span class='ocrx_word' id='word_1_209' title='bbox 1062 2314 1240 2374; x_wconf 82' lang='lat' dir='ltr'>comparen·</span> 
     </span>
     <span class='ocr_line' id='line_1_24' title="bbox 122 2376 1239 2455; baseline 0.003 -18"><span class='ocrx_word' id='word_1_210' title='bbox 122 2387 185 2438; x_wconf 88' lang='lat' dir='ltr'>tur.</span> <span class='ocrx_word' id='word_1_211' title='bbox 229 2378 298 2436; x_wconf 87' lang='lat' dir='ltr'>Scio</span> <span class='ocrx_word' id='word_1_212' title='bbox 314 2396 396 2436; x_wconf 91' lang='lat' dir='ltr'>nunc</span> <span class='ocrx_word' id='word_1_213' title='bbox 412 2377 486 2455; x_wconf 89' lang='lat' dir='ltr'>quid</span> <span class='ocrx_word' id='word_1_214' title='bbox 499 2376 531 2435; x_wconf 92' lang='lat' dir='ltr'>in</span> <span class='ocrx_word' id='word_1_215' title='bbox 552 2377 651 2437; x_wconf 81' lang='lat' dir='ltr'>animo</span> <span class='ocrx_word' id='word_1_216' title='bbox 667 2386 731 2437; x_wconf 84' lang='lat' dir='ltr'>tute</span> <span class='ocrx_word' id='word_1_217' title='bbox 744 2386 844 2437; x_wconf 88' lang='lat' dir='ltr'>tecum</span> <span class='ocrx_word' id='word_1_218' title='bbox 861 2377 999 2437; x_wconf 76' lang='lat' dir='ltr'>volutess</span> <span class='ocrx_word' id='word_1_219' title='bbox 1020 2378 1074 2439; x_wconf 88' lang='lat' dir='ltr'>sed</span> <span class='ocrx_word' id='word_1_220' title='bbox 1089 2380 1166 2439; x_wconf 91' lang='lat' dir='ltr'>illud</span> <span class='ocrx_word' id='word_1_221' title='bbox 1183 2382 1239 2441; x_wconf 90' lang='lat' dir='ltr'>tibi</span> 
     </span>
     <span class='ocr_line' id='line_1_25' title="bbox 122 2459 1239 2544; baseline 0.004 -22"><span class='ocrx_word' id='word_1_222' title='bbox 122 2459 302 2522; x_wconf 77' lang='lat' dir='ltr'>confirmare</span> <span class='ocrx_word' id='word_1_223' title='bbox 318 2480 441 2543; x_wconf 86' lang='lat' dir='ltr'>possum</span> <span class='ocrx_word' id='word_1_224' title='bbox 460 2461 604 2543; x_wconf 77' lang='lat' dir='ltr'>syllabam</span> <span class='ocrx_word' id='word_1_225' title='bbox 626 2461 755 2544; x_wconf 87' lang='lat' dir='ltr'>primam</span> <span class='ocrx_word' id='word_1_226' title='bbox 770 2462 856 2522; x_wconf 86' lang='lat' dir='ltr'>verbi</span> <span class='ocrx_word' id='word_1_227' title='bbox 879 2463 1024 2541; x_wconf 84' lang='grc' dir='ltr'><strong><em>ίμερῶπις</em></strong></span> <span class='ocrx_word' id='word_1_228' title='bbox 1041 2484 1106 2524; x_wconf 82' lang='lat' dir='ltr'>csse</span> <span class='ocrx_word' id='word_1_229' title='bbox 1122 2466 1239 2544; x_wconf 84' lang='lat' dir='ltr'>produ-</span> 
     </span>
     <span class='ocr_line' id='line_1_26' title="bbox 123 2547 1239 2630; baseline 0.002 -22"><span class='ocrx_word' id='word_1_230' title='bbox 123 2558 205 2608; x_wconf 88' lang='lat' dir='ltr'>ctam</span> <span class='ocrx_word' id='word_1_231' title='bbox 223 2558 313 2625; x_wconf 77' lang='lat' dir='ltr'>ntque</span> <span class='ocrx_word' id='word_1_232' title='bbox 329 2548 459 2625; x_wconf 86' lang='lat' dir='ltr'>longam.</span> <span class='ocrx_word' id='word_1_233' title='bbox 502 2547 622 2607; x_wconf 86' lang='lat' dir='ltr'>Primus</span> <span class='ocrx_word' id='word_1_234' title='bbox 639 2548 674 2607; x_wconf 88' lang='lat' dir='ltr'>id</span> <span class='ocrx_word' id='word_1_235' title='bbox 692 2548 829 2628; x_wconf 76' lang='lat' dir='ltr'>reposuit</span> <span class='ocrx_word' id='word_1_236' title='bbox 851 2547 999 2607; x_wconf 86' lang='lat' dir='ltr'>Henricus</span> <span class='ocrx_word' id='word_1_237' title='bbox 1013 2548 1184 2630; x_wconf 78' lang='lat' dir='ltr'>Stephanus</span> <span class='ocrx_word' id='word_1_238' title='bbox 1200 2568 1239 2610; x_wconf 80' lang='lat' dir='ltr'>ex</span> 
     </span>
     <span class='ocr_line' id='line_1_27' title="bbox 123 2633 1238 2715; baseline 0.003 -22"><span class='ocrx_word' id='word_1_239' title='bbox 123 2634 298 2712; x_wconf 87' lang='lat' dir='ltr'>conjectura</span> <span class='ocrx_word' id='word_1_240' title='bbox 320 2642 466 2711; x_wconf 90' lang='lat' dir='ltr'>quantum</span> <span class='ocrx_word' id='word_1_241' title='bbox 487 2652 595 2711; x_wconf 85' lang='lat' dir='ltr'>egoex</span> <span class='ocrx_word' id='word_1_242' title='bbox 615 2634 733 2713; x_wconf 82' lang='lat' dir='ltr'>reipsa</span> <span class='ocrx_word' id='word_1_243' title='bbox 757 2634 962 2715; x_wconf 82' lang='lat' dir='ltr'>conjecturam</span> <span class='ocrx_word' id='word_1_244' title='bbox 981 2633 1070 2695; x_wconf 86' lang='lat' dir='ltr'>facio.</span> <span class='ocrx_word' id='word_1_245' title='bbox 1114 2634 1238 2696; x_wconf 88' lang='lat' dir='ltr'>Veteres</span> 
     </span>
     <span class='ocr_line' id='line_1_28' title="bbox 123 2714 1238 2802; baseline 0.002 -23"><span class='ocrx_word' id='word_1_246' title='bbox 123 2718 271 2779; x_wconf 84' lang='lat' dir='ltr'>editiones</span> <span class='ocrx_word' id='word_1_247' title='bbox 284 2727 510 2797; x_wconf 84' lang='lat' dir='ltr'>repraesentant</span> <span class='ocrx_word' id='word_1_248' title='bbox 523 2717 575 2780; x_wconf 81' lang='grc' dir='ltr'><strong><em>καί</em></strong></span> <span class='ocrx_word' id='word_1_249' title='bbox 592 2714 724 2798; x_wconf 77' lang='grc' dir='ltr'><strong><em>ἇρμονίη</em></strong></span> <span class='ocrx_word' id='word_1_250' title='bbox 741 2741 775 2801; x_wconf 78' lang='grc' dir='ltr'>γε</span> <span class='ocrx_word' id='word_1_251' title='bbox 789 2723 934 2802; x_wconf 85' lang='grc' dir='ltr'><strong><em>μερῶπις.</em></strong></span> <span class='ocrx_word' id='word_1_252' title='bbox 978 2718 1083 2800; x_wconf 87' lang='lat' dir='ltr'>Itaque</span> <span class='ocrx_word' id='word_1_253' title='bbox 1097 2718 1148 2781; x_wconf 89' lang='lat' dir='ltr'>hic</span> <span class='ocrx_word' id='word_1_254' title='bbox 1163 2742 1238 2801; x_wconf 91' lang='lat' dir='ltr'>quo·</span> 
     </span>
     <span class='ocr_line' id='line_1_29' title="bbox 122 2802 1239 2887; baseline 0.005 -24"><span class='ocrx_word' id='word_1_255' title='bbox 122 2824 184 2884; x_wconf 83' lang='lat' dir='ltr'>que</span> <span class='ocrx_word' id='word_1_256' title='bbox 199 2802 355 2880; x_wconf 84' lang='lat' dir='ltr'>legendum</span> <span class='ocrx_word' id='word_1_257' title='bbox 370 2812 415 2863; x_wconf 87' lang='lat' dir='ltr'>est</span> <span class='ocrx_word' id='word_1_258' title='bbox 429 2802 560 2884; x_wconf 68' lang='grc' dir='ltr'><strong><em>ἁρμονίη</em></strong></span> <span class='ocrx_word' id='word_1_259' title='bbox 576 2808 759 2882; x_wconf 77' lang='grc' dir='ltr'><strong><em>θεμερῶπις.</em></strong></span> <span class='ocrx_word' id='word_1_260' title='bbox 801 2802 934 2884; x_wconf 80' lang='lat' dir='ltr'>Hesych.</span> <span class='ocrx_word' id='word_1_261' title='bbox 959 2806 1149 2885; x_wconf 85' lang='grc' dir='ltr'><strong><em>Θεμερῶπις,</em></strong></span> <span class='ocrx_word' id='word_1_262' title='bbox 1172 2806 1239 2887; x_wconf 79' lang='grc' dir='ltr'><strong><em>ἐρα-</em></strong></span> 
     </span>
     <span class='ocr_line' id='line_1_30' title="bbox 121 2882 1238 2970; baseline -0.003 -18"><span class='ocrx_word' id='word_1_263' title='bbox 121 2890 208 2969; x_wconf 87' lang='grc' dir='ltr'><strong><em>σμία,</em></strong></span> <span class='ocrx_word' id='word_1_264' title='bbox 227 2882 351 2970; x_wconf 80' lang='grc' dir='ltr'><strong><em>οἷγχόνη.</em></strong></span> <span class='ocrx_word' id='word_1_265' title='bbox 379 2888 456 2967; x_wconf 80' lang='lat' dir='ltr'>Lege</span> <span class='ocrx_word' id='word_1_266' title='bbox 470 2888 598 2968; x_wconf 76' lang='grc' dir='ltr'><strong><em>ἔρασμία</em></strong></span> <span class='ocrx_word' id='word_1_267' title='bbox 610 2888 759 2967; x_wconf 74' lang='grc' dir='ltr'><strong><em>ἁρμονίη,</em></strong></span> <span class='ocrx_word' id='word_1_268' title='bbox 782 2892 942 2949; x_wconf 82' lang='lat' dir='ltr'>autoritate</span> <span class='ocrx_word' id='word_1_269' title='bbox 956 2888 1160 2970; x_wconf 86' lang='lat' dir='ltr'>Empedoclis:</span> <span class='ocrx_word' id='word_1_270' title='bbox 1182 2890 1238 2949; x_wconf 84' lang='lat' dir='ltr'>nisi</span> 
     </span>
     <span class='ocr_line' id='line_1_31' title="bbox 121 2968 1238 3056; baseline 0.003 -21"><span class='ocrx_word' id='word_1_271' title='bbox 121 2976 151 3035; x_wconf 92' lang='lat' dir='ltr'>si</span> <span class='ocrx_word' id='word_1_272' title='bbox 165 2974 261 3034; x_wconf 77' lang='lat' dir='ltr'>mavis</span> <span class='ocrx_word' id='word_1_273' title='bbox 276 2973 405 3053; x_wconf 82' lang='grc' dir='ltr'><strong><em>ἒρασμία</em></strong></span> <span class='ocrx_word' id='word_1_274' title='bbox 426 2968 555 3054; x_wconf 77' lang='grc' dir='ltr'><strong><em>αίσχῶνη</em></strong></span> <span class='ocrx_word' id='word_1_275' title='bbox 570 2994 609 3033; x_wconf 88' lang='lat' dir='ltr'>ex</span> <span class='ocrx_word' id='word_1_276' title='bbox 628 2973 772 3054; x_wconf 79' lang='lat' dir='ltr'>Aeschyli</span> <span class='ocrx_word' id='word_1_277' title='bbox 791 2972 986 3035; x_wconf 82' lang='lat' dir='ltr'>Prometheo:</span> <span class='ocrx_word' id='word_1_278' title='bbox 1017 2980 1067 3037; x_wconf 84' lang='grc' dir='ltr'>Εκ</span> <span class='ocrx_word' id='word_1_279' title='bbox 1081 2970 1114 3037; x_wconf 81' lang='grc' dir='ltr'>θ’</span> <span class='ocrx_word' id='word_1_280' title='bbox 1131 2972 1238 3056; x_wconf 66' lang='grc' dir='ltr'><strong><em>ἔπληξέ</em></strong></span> 
     </span>
     <span class='ocr_line' id='line_1_32' title="bbox 122 3054 1239 3141; baseline -0.001 -20"><span class='ocrx_word' id='word_1_281' title='bbox 122 3083 185 3141; x_wconf 85' lang='grc' dir='ltr'>μου</span> <span class='ocrx_word' id='word_1_282' title='bbox 202 3054 260 3136; x_wconf 74' lang='grc' dir='ltr'>τήν</span> <span class='ocrx_word' id='word_1_283' title='bbox 279 3063 455 3139; x_wconf 72' lang='grc' dir='ltr'><strong><em>θεμερῶπιν</em></strong></span> <span class='ocrx_word' id='word_1_284' title='bbox 477 3061 565 3123; x_wconf 73' lang='lat' dir='ltr'>aibai-</span> <span class='ocrx_word' id='word_1_285' title='bbox 607 3057 711 3133; x_wconf 79' lang='grc' dir='ltr'><strong><em>Αίδῶς</em></strong></span> <span class='ocrx_word' id='word_1_286' title='bbox 729 3068 776 3119; x_wconf 85' lang='lat' dir='ltr'>est</span> <span class='ocrx_word' id='word_1_287' title='bbox 798 3054 941 3141; x_wconf 78' lang='grc' dir='ltr'><strong><em>αἰσχύνη.</em></strong></span> <span class='ocrx_word' id='word_1_288' title='bbox 983 3061 1144 3140; x_wconf 85' lang='lat' dir='ltr'>Perperum</span> <span class='ocrx_word' id='word_1_289' title='bbox 1164 3060 1239 3121; x_wconf 91' lang='lat' dir='ltr'>huic</span> 
     </span>
     <span class='ocr_line' id='line_1_33' title="bbox 122 3140 1238 3229; baseline 0 -24"><span class='ocrx_word' id='word_1_290' title='bbox 122 3143 248 3205; x_wconf 89' lang='lat' dir='ltr'>lectioni</span> <span class='ocrx_word' id='word_1_291' title='bbox 267 3140 476 3217; x_wconf 86' lang='lat' dir='ltr'>.Scbuliastes‚</span> <span class='ocrx_word' id='word_1_292' title='bbox 510 3154 540 3204; x_wconf 90' lang='lat' dir='ltr'>et</span> <span class='ocrx_word' id='word_1_293' title='bbox 564 3144 766 3223; x_wconf 82' lang='lat' dir='ltr'>Etymologici</span> <span class='ocrx_word' id='word_1_294' title='bbox 799 3156 888 3205; x_wconf 85' lang='lat' dir='ltr'>sutor</span> <span class='ocrx_word' id='word_1_295' title='bbox 910 3152 967 3229; x_wconf 86' lang='grc' dir='ltr'>θερ</span> <span class='ocrx_word' id='word_1_296' title='bbox 992 3149 1105 3226; x_wconf 87' lang='grc' dir='ltr'><strong><em>ερῶπιν</em></strong></span> <span class='ocrx_word' id='word_1_297' title='bbox 1132 3165 1238 3206; x_wconf 86' lang='lat' dir='ltr'>vocem</span> 
     </span>
     <span class='ocr_line' id='line_1_34' title="bbox 122 3225 1237 3311; baseline -0.002 -20"><span class='ocrx_word' id='word_1_298' title='bbox 122 3229 212 3291; x_wconf 91' lang='lat' dir='ltr'>nihili</span> <span class='ocrx_word' id='word_1_299' title='bbox 232 3238 431 3309; x_wconf 85' lang='lat' dir='ltr'>snteponuut,</span> <span class='ocrx_word' id='word_1_300' title='bbox 465 3239 609 3307; x_wconf 88' lang='lat' dir='ltr'>tanquam</span> <span class='ocrx_word' id='word_1_301' title='bbox 631 3231 860 3311; x_wconf 87' lang='grc' dir='ltr'><strong><em>θερμαίνονσαν</em></strong></span> <span class='ocrx_word' id='word_1_302' title='bbox 882 3225 939 3311; x_wconf 75' lang='grc' dir='ltr'>τήν</span> <span class='ocrx_word' id='word_1_303' title='bbox 985 3252 1036 3293; x_wconf 90' lang='grc' dir='ltr'><strong><em>πα.</em></strong></span> <span class='ocrx_word' id='word_1_304' title='bbox 1085 3231 1179 3309; x_wconf 79' lang='lat' dir='ltr'>Atqui</span> <span class='ocrx_word' id='word_1_305' title='bbox 1201 3252 1237 3291; x_wconf 90' lang='lat' dir='ltr'>eo</span> 
     </span>
     <span class='ocr_line' id='line_1_35' title="bbox 121 3312 1238 3396; baseline 0.002 -22"><span class='ocrx_word' id='word_1_306' title='bbox 121 3326 214 3396; x_wconf 81' lang='lat' dir='ltr'>pecto</span> <span class='ocrx_word' id='word_1_307' title='bbox 232 3319 391 3396; x_wconf 90' lang='grc' dir='ltr'><strong><em>θερμῶπις</em></strong></span> <span class='ocrx_word' id='word_1_308' title='bbox 411 3324 489 3374; x_wconf 89' lang='lat' dir='ltr'>esset</span> <span class='ocrx_word' id='word_1_309' title='bbox 507 3314 681 3374; x_wconf 87' lang='lat' dir='ltr'>dicendum:</span> <span class='ocrx_word' id='word_1_310' title='bbox 710 3335 809 3395; x_wconf 86' lang='lat' dir='ltr'>neque</span> <span class='ocrx_word' id='word_1_311' title='bbox 830 3314 909 3375; x_wconf 91' lang='lat' dir='ltr'>enim</span> <span class='ocrx_word' id='word_1_312' title='bbox 922 3316 971 3375; x_wconf 80' lang='lat' dir='ltr'>vel</span> <span class='ocrx_word' id='word_1_313' title='bbox 993 3312 1085 3375; x_wconf 81' lang='lat' dir='ltr'>sendo</span> <span class='ocrx_word' id='word_1_314' title='bbox 1100 3314 1238 3376; x_wconf 83' lang='lat' dir='ltr'>auditum</span> 
     </span>
     <span class='ocr_line' id='line_1_36' title="bbox 123 3394 1239 3482; baseline 0.002 -21"><span class='ocrx_word' id='word_1_315' title='bbox 123 3412 172 3461; x_wconf 88' lang='lat' dir='ltr'>est</span> <span class='ocrx_word' id='word_1_316' title='bbox 189 3399 349 3481; x_wconf 78' lang='grc' dir='ltr'><strong><em>θίρμερος.</em></strong></span> <span class='ocrx_word' id='word_1_317' title='bbox 396 3400 503 3459; x_wconf 76' lang='lat' dir='ltr'>Pollux</span> <span class='ocrx_word' id='word_1_318' title='bbox 521 3410 620 3459; x_wconf 76' lang='lat' dir='ltr'>tumen</span> <span class='ocrx_word' id='word_1_319' title='bbox 640 3400 695 3465; x_wconf 82' lang='lat' dir='ltr'>lib.</span> <span class='ocrx_word' id='word_1_320' title='bbox 711 3404 741 3465; x_wconf 90' lang='lat'>6.</span> <span class='ocrx_word' id='word_1_321' title='bbox 758 3421 784 3459; x_wconf 88' lang='lat' dir='ltr'>c.</span> <span class='ocrx_word' id='word_1_322' title='bbox 798 3400 852 3467; x_wconf 73' lang='grc'>40.</span> <span class='ocrx_word' id='word_1_323' title='bbox 878 3397 920 3464; x_wconf 75' lang='grc' dir='ltr'>Τό</span> <span class='ocrx_word' id='word_1_324' title='bbox 940 3398 973 3463; x_wconf 75' lang='lat' dir='ltr'>tt</span> <span class='ocrx_word' id='word_1_325' title='bbox 993 3394 1239 3482; x_wconf 78' lang='grc' dir='ltr'><strong><em>θερμερῶνεσθπι</em></strong></span> 
     </span>
     <span class='ocr_line' id='line_1_37' title="bbox 121 3478 1241 3571; baseline 0 -22"><span class='ocrx_word' id='word_1_326' title='bbox 121 3486 177 3549; x_wconf 79' lang='grc' dir='ltr'><strong><em>παλ</em></strong></span> <span class='ocrx_word' id='word_1_327' title='bbox 195 3488 344 3569; x_wconf 77' lang='grc' dir='ltr'><strong><em>κιχλιλιᾷν</em></strong></span> <span class='ocrx_word' id='word_1_328' title='bbox 358 3479 488 3565; x_wconf 76' lang='lat' dir='ltr'>nupturi.</span> <span class='ocrx_word' id='word_1_329' title='bbox 530 3478 593 3544; x_wconf 74' lang='grc' dir='ltr'>Ιίίθι</span> <span class='ocrx_word' id='word_1_330' title='bbox 604 3488 722 3571; x_wconf 77' lang='grc' dir='ltr'><strong><em>χλιθιρλν</em></strong></span> <span class='ocrx_word' id='word_1_331' title='bbox 740 3486 791 3547; x_wconf 87' lang='lat' dir='ltr'>vel</span> <span class='ocrx_word' id='word_1_332' title='bbox 803 3488 987 3571; x_wconf 76' lang='grc' dir='ltr'><strong><em>ιινχλοιιλιᾷν.</em></strong></span> <span class='ocrx_word' id='word_1_333' title='bbox 1029 3485 1095 3563; x_wconf 86' lang='lat' dir='ltr'>lege</span> <span class='ocrx_word' id='word_1_334' title='bbox 1110 3479 1241 3568; x_wconf 76' lang='grc' dir='ltr'><strong><em>θεμερῶ-</em></strong></span> 
     </span>
     <span class='ocr_line' id='line_1_38' title="bbox 123 3568 1240 3656; baseline -0.001 -21"><span class='ocrx_word' id='word_1_335' title='bbox 123 3578 236 3635; x_wconf 88' lang='grc' dir='ltr'><strong><em>νεσθαι</em></strong></span> <span class='ocrx_word' id='word_1_336' title='bbox 249 3570 302 3633; x_wconf 85' lang='grc' dir='ltr'><strong><em>ιιαλ</em></strong></span> <span class='ocrx_word' id='word_1_337' title='bbox 313 3570 429 3653; x_wconf 76' lang='grc' dir='ltr'><strong><em>χλιᾶᾷν,</em></strong></span> <span class='ocrx_word' id='word_1_338' title='bbox 450 3570 502 3631; x_wconf 79' lang='lat' dir='ltr'>rel</span> <span class='ocrx_word' id='word_1_339' title='bbox 513 3572 648 3655; x_wconf 76' lang='grc' dir='ltr'><strong><em>χλοιθηῖν.</em></strong></span> <span class='ocrx_word' id='word_1_340' title='bbox 665 3570 715 3631; x_wconf 87' lang='lat' dir='ltr'>vel</span> <span class='ocrx_word' id='word_1_341' title='bbox 730 3573 898 3656; x_wconf 79' lang='grc' dir='ltr'><strong><em>ιιολοιιλιᾷν.</em></strong></span> <span class='ocrx_word' id='word_1_342' title='bbox 941 3568 1125 3649; x_wconf 79' lang='lat' dir='ltr'>Hesychiuse</span> <span class='ocrx_word' id='word_1_343' title='bbox 1150 3570 1240 3652; x_wconf 68' lang='lat' dir='ltr'>Otus·</span> 
     </span>
     <span class='ocr_line' id='line_1_39' title="bbox 124 3648 1240 3737; baseline -0.002 -18"><span class='ocrx_word' id='word_1_344' title='bbox 124 3680 189 3735; x_wconf 86' lang='grc' dir='ltr'><strong><em>ρον,</em></strong></span> <span class='ocrx_word' id='word_1_345' title='bbox 212 3652 334 3737; x_wconf 75' lang='grc' dir='ltr'><strong><em>σεμνῶν,</em></strong></span> <span class='ocrx_word' id='word_1_346' title='bbox 356 3649 417 3735; x_wconf 80' lang='grc' dir='ltr'><strong><em>εἶφ’</em></strong></span> <span class='ocrx_word' id='word_1_347' title='bbox 430 3648 468 3719; x_wconf 75' lang='grc' dir='ltr'>οὗ</span> <span class='ocrx_word' id='word_1_348' title='bbox 479 3656 531 3718; x_wconf 80' lang='grc' dir='ltr'><strong><em>καί</em></strong></span> <span class='ocrx_word' id='word_1_349' title='bbox 544 3651 578 3719; x_wconf 71' lang='lat' dir='ltr'>sl</span> <span class='ocrx_word' id='word_1_350' title='bbox 591 3651 806 3735; x_wconf 76' lang='grc' dir='ltr'><strong><em>σεμνύνεσθαι,</em></strong></span> <span class='ocrx_word' id='word_1_351' title='bbox 832 3650 1067 3737; x_wconf 77' lang='grc' dir='ltr'><strong><em>θεμερῶνεσθαι.</em></strong></span> <span class='ocrx_word' id='word_1_352' title='bbox 1113 3656 1240 3737; x_wconf 81' lang='grc' dir='ltr'><strong><em>Θεμέρη,</em></strong></span> 
     </span>
     <span class='ocr_line' id='line_1_40' title="bbox 72 3732 1239 3824; baseline 0 -21"><span class='ocrx_word' id='word_1_353' title='bbox 72 3790 75 3793; x_wconf 75' lang='lat'><em>-</em></span> <span class='ocrx_word' id='word_1_354' title='bbox 124 3742 251 3823; x_wconf 83' lang='grc' dir='ltr'><strong><em>βεβαία,</em></strong></span> <span class='ocrx_word' id='word_1_355' title='bbox 277 3736 388 3819; x_wconf 68' lang='grc' dir='ltr'><strong><em>σεμναὶ,</em></strong></span> <span class='ocrx_word' id='word_1_356' title='bbox 412 3734 575 3821; x_wconf 73' lang='grc' dir='ltr'><strong><em>εῶσιαθής.</em></strong></span> <span class='ocrx_word' id='word_1_357' title='bbox 619 3734 869 3824; x_wconf 83' lang='grc' dir='ltr'><strong><em>Θεμερόφρονας,</em></strong></span> <span class='ocrx_word' id='word_1_358' title='bbox 892 3736 1044 3815; x_wconf 82' lang='grc' dir='ltr'><strong><em>συνειοῶς,</em></strong></span> <span class='ocrx_word' id='word_1_359' title='bbox 1067 3732 1239 3821; x_wconf 86' lang='grc' dir='ltr'><strong><em>σῶφρονας.</em></strong></span> 
     </span>
     <span class='ocr_line' id='line_1_41' title="bbox 123 3824 1242 3907; baseline 0.002 -22"><span class='ocrx_word' id='word_1_360' title='bbox 123 3827 184 3886; x_wconf 83' lang='lat' dir='ltr'>Sed</span> <span class='ocrx_word' id='word_1_361' title='bbox 202 3836 237 3886; x_wconf 91' lang='lat' dir='ltr'>ut</span> <span class='ocrx_word' id='word_1_362' title='bbox 258 3826 431 3906; x_wconf 86' lang='lat' dir='ltr'>planissime</span> <span class='ocrx_word' id='word_1_363' title='bbox 450 3836 583 3901; x_wconf 81' lang='lat' dir='ltr'>constet3</span> <span class='ocrx_word' id='word_1_364' title='bbox 597 3848 681 3907; x_wconf 85' lang='lat' dir='ltr'>¹opus</span> <span class='ocrx_word' id='word_1_365' title='bbox 698 3836 743 3886; x_wconf 90' lang='lat' dir='ltr'>est</span> <span class='ocrx_word' id='word_1_366' title='bbox 765 3836 800 3887; x_wconf 90' lang='lat' dir='ltr'>ut</span> <span class='ocrx_word' id='word_1_367' title='bbox 821 3824 964 3907; x_wconf 86' lang='lat' dir='ltr'>strophen</span> <span class='ocrx_word' id='word_1_368' title='bbox 984 3835 1015 3886; x_wconf 86' lang='lat' dir='ltr'>et</span> <span class='ocrx_word' id='word_1_369' title='bbox 1029 3824 1242 3906; x_wconf 75' lang='lat' dir='ltr'>antistrophen</span> 
     </span>
     <span class='ocr_line' id='line_1_42' title="bbox 122 3908 1217 3993; baseline 0.001 -22"><span class='ocrx_word' id='word_1_370' title='bbox 122 3912 202 3973; x_wconf 89' lang='lat' dir='ltr'>iuter</span> <span class='ocrx_word' id='word_1_371' title='bbox 216 3933 248 3972; x_wconf 90' lang='lat' dir='ltr'>se</span> <span class='ocrx_word' id='word_1_372' title='bbox 262 3912 463 3971; x_wconf 80' lang='lat' dir='ltr'>conseramus:</span> <span class='ocrx_word' id='word_1_373' title='bbox 486 3912 517 3971; x_wconf 93' lang='lat' dir='ltr'>in</span> <span class='ocrx_word' id='word_1_374' title='bbox 533 3912 644 3992; x_wconf 87' lang='lat' dir='ltr'>quibus</span> <span class='ocrx_word' id='word_1_375' title='bbox 661 3910 693 3972; x_wconf 92' lang='lat' dir='ltr'>hi</span> <span class='ocrx_word' id='word_1_376' title='bbox 707 3932 814 3972; x_wconf 86' lang='lat' dir='ltr'>versus</span> <span class='ocrx_word' id='word_1_377' title='bbox 827 3912 1013 3993; x_wconf 86' lang='lat' dir='ltr'>respondent</span> <span class='ocrx_word' id='word_1_378' title='bbox 1028 3931 1067 3973; x_wconf 87' lang='lat' dir='ltr'>ex</span> <span class='ocrx_word' id='word_1_379' title='bbox 1080 3908 1217 3972; x_wconf 77' lang='lat' dir='ltr'>adverso.</span> 
     </span>
    </p>

    <p class='ocr_par' dir='ltr' id='par_1_10' title="bbox 290 3992 992 4099">
     <span class='ocr_line' id='line_1_43' title="bbox 290 3992 992 4099; baseline -0.001 -41"><span class='ocrx_word' id='word_1_380' title='bbox 290 4002 341 4059; x_wconf 83' lang='grc' dir='ltr'>Ειι</span> <span class='ocrx_word' id='word_1_381' title='bbox 362 3992 395 4059; x_wconf 81' lang='grc' dir='ltr'>θ’</span> <span class='ocrx_word' id='word_1_382' title='bbox 418 3997 524 4077; x_wconf 75' lang='grc' dir='ltr'><strong><em>ἔπληξέ</em></strong></span> <span class='ocrx_word' id='word_1_383' title='bbox 542 4021 605 4099; x_wconf 77' lang='grc' dir='ltr'>μου</span> <span class='ocrx_word' id='word_1_384' title='bbox 626 3993 683 4059; x_wconf 77' lang='grc' dir='ltr'>τᾶν</span> <span class='ocrx_word' id='word_1_385' title='bbox 704 4002 884 4078; x_wconf 84' lang='grc' dir='ltr'><strong><em>θεμερῶπιν</em></strong></span> <span class='ocrx_word' id='word_1_386' title='bbox 905 3999 992 4061; x_wconf 72' lang='lat' dir='ltr'>altu.</span> 
     </span>
    </p>

    <p class='ocr_par' dir='ltr' id='par_1_11' title="bbox 122 4074 1337 4269">
     <span class='ocr_line' id='line_1_44' title="bbox 295 4074 1056 4167; baseline 0 -23"><span class='ocrx_word' id='word_1_387' title='bbox 295 4086 443 4163; x_wconf 83' lang='grc' dir='ltr'><strong><em>Νεοχμοῖς</em></strong></span> <span class='ocrx_word' id='word_1_388' title='bbox 463 4081 497 4146; x_wconf 77' lang='grc' dir='ltr'>δὲ</span> <span class='ocrx_word' id='word_1_389' title='bbox 517 4107 622 4164; x_wconf 87' lang='grc' dir='ltr'><strong><em>νομοις</em></strong></span> <span class='ocrx_word' id='word_1_390' title='bbox 644 4078 723 4157; x_wconf 81' lang='grc' dir='ltr'><strong><em>Ζεῶς</em></strong></span> <span class='ocrx_word' id='word_1_391' title='bbox 744 4079 886 4163; x_wconf 74' lang='grc' dir='ltr'><strong><em>ἀθέσμοις</em></strong></span> <span class='ocrx_word' id='word_1_392' title='bbox 906 4074 1056 4167; x_wconf 81' lang='grc' dir='ltr'><strong><em>κραιῶνει.</em></strong></span> 
     </span>
     <span class='ocr_line' id='line_1_45' title="bbox 122 4178 1337 4269; baseline 0.002 -22"><span class='ocrx_word' id='word_1_393' title='bbox 122 4186 181 4247; x_wconf 85' lang='lat' dir='ltr'>Ubi</span> <span class='ocrx_word' id='word_1_394' title='bbox 197 4208 255 4269; x_wconf 88' lang='lat' dir='ltr'>pro</span> <span class='ocrx_word' id='word_1_395' title='bbox 270 4180 415 4269; x_wconf 66' lang='grc' dir='ltr'><strong><em>ἀθέσμοις</em></strong></span> <span class='ocrx_word' id='word_1_396' title='bbox 429 4210 467 4251; x_wconf 80' lang='lat' dir='ltr'>ex</span> <span class='ocrx_word' id='word_1_397' title='bbox 481 4189 657 4251; x_wconf 84' lang='lat' dir='ltr'>necessitate</span> <span class='ocrx_word' id='word_1_398' title='bbox 677 4188 765 4247; x_wconf 84' lang='lat' dir='ltr'>metri</span> <span class='ocrx_word' id='word_1_399' title='bbox 780 4189 896 4269; x_wconf 88' lang='lat' dir='ltr'>conjeci</span> <span class='ocrx_word' id='word_1_400' title='bbox 909 4188 1069 4269; x_wconf 85' lang='lat' dir='ltr'>legendum</span> <span class='ocrx_word' id='word_1_401' title='bbox 1086 4206 1149 4247; x_wconf 87' lang='lat' dir='ltr'>esse</span> <span class='ocrx_word' id='word_1_402' title='bbox 1165 4178 1241 4250; x_wconf 76' lang='lat' dir='ltr'>‹tes-</span> <span class='ocrx_word' id='word_1_403' title='bbox 1259 4187 1284 4242; x_wconf 93' lang='grc'><strong>0</strong></span> <span class='ocrx_word' id='word_1_404' title='bbox 1301 4184 1337 4245; x_wconf 78' lang='grc'>77</span> 
     </span>
    </p>

    <p class='ocr_par' dir='ltr' id='par_1_12' title="bbox 122 4266 1240 4355">
     <span class='ocr_line' id='line_1_46' title="bbox 122 4266 1240 4355; baseline 0 -20"><span class='ocrx_word' id='word_1_405' title='bbox 122 4278 192 4348; x_wconf 83' lang='grc' dir='ltr'><strong><em>τῶς.</em></strong></span> <span class='ocrx_word' id='word_1_406' title='bbox 221 4275 320 4347; x_wconf 84' lang='lat' dir='ltr'>Quam</span> <span class='ocrx_word' id='word_1_407' title='bbox 336 4274 543 4353; x_wconf 79' lang='lat' dir='ltr'>conjecturem</span> <span class='ocrx_word' id='word_1_408' title='bbox 554 4274 689 4338; x_wconf 79' lang='lat' dir='ltr'>firmarit</span> <span class='ocrx_word' id='word_1_409' title='bbox 703 4272 884 4355; x_wconf 85' lang='lat' dir='ltr'>Hesychius.</span> <span class='ocrx_word' id='word_1_410' title='bbox 926 4278 1065 4348; x_wconf 81' lang='grc' dir='ltr'><strong><em>Λθετῶς,</em></strong></span> <span class='ocrx_word' id='word_1_411' title='bbox 1086 4266 1240 4353; x_wconf 82' lang='grc' dir='ltr'><strong><em>ιῖθίσμοις,</em></strong></span> 
     </span>
    </p>

    <p class='ocr_par' dir='ltr' id='par_1_13' title="bbox 25 4356 1027 4424">
     <span class='ocr_line' id='line_1_47' title="bbox 25 4356 1027 4424; baseline 0.006 -6"><span class='ocrx_word' id='word_1_412' title='bbox 25 4363 26 4369; x_wconf 75' lang='grc'>’</span> <span class='ocrx_word' id='word_1_413' title='bbox 166 4367 279 4420; x_wconf 73' lang='lat' dir='ltr'>lomes</span> <span class='ocrx_word' id='word_1_414' title='bbox 305 4366 436 4423; x_wconf 76' lang='lat' dir='ltr'>matous.</span> <span class='ocrx_word' id='word_1_415' title='bbox 985 4356 1027 4424; x_wconf 81' lang='lat'>47</span> 
     </span>
    </p>
   </div>
   <div class='ocr_carea' id='block_1_7' title="bbox 0 0 1480 4817">
    <p class='ocr_par' dir='ltr' id='par_1_14' title="bbox 0 0 1480 4817">
     <span class='ocr_line' id='line_1_48' title="bbox 0 0 1480 4817; baseline 0 1"><span class='ocrx_word' id='word_1_416' title='bbox 0 0 1480 4817; x_wconf 95' lang='lat' dir='ltr'> </span> 
     </span>
    </p>
   </div>
  </div>
 </body>
</html>
