2950 4817
557 282 784 355 EPISTOLA.
1150 290 1223 367 701

108 459 184 524 esta
202 454 289 525 crea
306 482 374 525 eam
397 454 473 525 Cato
493 463 687 523 Tarentinam
708 476 773 523 eum
798 458 942 545 appellet,
964 456 1053 524 eredo
1071 456 1154 545 qued
1163 460 1228 543 pei·

110 570 197 608 menn
220 571 255 608 eo
276 550 402 608 uenerit:
424 564 452 607 et
472 550 504 607 in
518 549 655 609 Aenaria
675 550 793 610 mecho
815 551 998 628 regerminct.
1042 546 1138 607 Simili
1156 565 1227 605 saue

110 634 294 709 tralatione,
317 652 409 713 qnam
422 633 585 714 Euripides
604 635 711 693 cretae
732 631 904 714 indigenam
925 642 1033 708 vocat,
1057 633 1226 712 siparium

108 738 181 779 esse
196 720 314 778 Cretam
327 718 444 777 Plinius
461 728 683 781 commemorat
727 718 785 777 Sed
803 720 835 779 in
850 718 915 798 ejus
934 719 1036 778 verbis
1049 716 1167 777 macula
1180 714 1226 775 in·

110 814 162 863 est
174 804 364 880 foedissima,
388 822 559 884 quanquam
577 804 661 865 haud
675 804 765 863 valde
780 802 989 879 δυσέκπλυτος.
1032 802 1155 881 Quippe
1167 820 1224 881 pto

110 889 199 949 daria
220 908 282 948 non
302 910 407 968 magna
424 891 590 949 mutatione
614 890 773 966 legendum
795 900 842 949 eat
857 890 961 950 Tarra.
1005 886 1159 967 Siquidem
1177 888 1224 945 iu-

109 983 301 1054 terpretatur
322 973 398 1034 haec
418 973 618 1054 Theophrasti
639 975 693 1033 lib.
714 983 744 1041 2.
765 974 844 1037 llist.
868 993 934 1054 cap.
956 978 987 1037 2.
1032 970 1225 1051 Καπάριττορ

108 1056 149 1120 di
170 1056 254 1141 nupsi
276 1058 333 1141 piu
354 1065 419 1133 ταῖς
439 1056 541 1134 ἄλλοις
562 1054 625 1122 dno*
646 1058 831 1140 σπέρματος,
855 1058 888 1122 ἐν
908 1053 1013 1141 Κρήτῃ
1037 1055 1071 1121 tl
1093 1056 1145 1119 eni
1164 1050 1225 1120 dud

106 1142 284 1224 στελέχους,
306 1138 376 1207 οἷον
389 1142 441 1207 eni
458 1138 522 1207 dno*
540 1148 599 1225 τῆς
620 1149 734 1226 κουρᾶς
748 1144 781 1207 ἐν
801 1139 917 1229 Τάρρᾳ·
941 1140 1025 1225 παραὶ
1037 1136 1225 1223 τούτοιςρᾶρ

107 1228 195 1291 ἐστιν
213 1229 238 1307 ef
256 1228 455 1310 αοαριζομὲνη
480 1226 672 1311 κυπάριττος.
715 1230 790 1289 hiihi
812 1229 933 1310 quidem
955 1228 1015 1287 hoc
1038 1226 1150 1288 certius
1169 1235 1224 1301 eat,

110 1333 206 1393 quam
216 1314 270 1373 illa
282 1334 359 1393 quae
374 1315 457 1394 apud
472 1316 604 1393 Sagram.
646 1315 708 1375 Sed
721 1316 791 1393 quia
810 1314 974 1377 difficulter
989 1312 1050 1374 hoe
1070 1311 1224 1372 nonnullis

110 1409 206 1478 atque
227 1419 316 1477 aegre
336 1398 509 1479 persuaderi
534 1400 644 1477 video,
675 1400 802 1479 agedum
829 1420 866 1460 ex
890 1401 995 1459 Solino
1013 1392 1225 1478 πειθανόγκην
1262 1459 1264 1463 .

108 1484 327 1544 admoveamus
339 1480 540 1564 θεπαλικὴν,
561 1494 724 1545 utcontra
745 1486 839 1565 siquis
862 1486 987 1561 sentiat,
1010 1482 1086 1543 nihil
1106 1482 1224 1545 sentias
1243 1478 1268 1534 V
1285 1477 1321 1534 17
1356 1518 1358 1521 -
1447 1482 1448 1495 ’

108 1569 186 1647 Ejus
202 1569 544 1648 verbosantcap.xm1.
565 1566 655 1629 Miro
668 1567 729 1629 soli
742 1565 854 1629 Cretici
871 1567 1077 1649 induigentia.-
1099 1566 1226 1627 orioro·

108 1656 152 1711 rii
164 1669 321 1732 prouentus
337 1650 542 1714 abundunteet
563 1672 634 1711 num
652 1654 685 1712 in
703 1651 792 1735 hujus
804 1664 929 1712 'tuntum
948 1648 1064 1712 insulae
1080 1666 1167 1733 parte
1181 1672 1224 1709 re.

104 1734 263 1817 pullulant
275 1757 377 1797 ooeeoe
388 1739 525 1816 cupressi.
568 1736 711 1796 Proiecto
732 1747 786 1797 aut
797 1740 891 1797 Tarra
913 1738 947 1796 in
961 1736 1059 1797 Plinio
1076 1756 1131 1796 suo
1152 1734 1226 1813 legit

106 1821 242 1898 Solinus,
263 1830 316 1881 aut
332 1821 490 1880 Aenariam
506 1820 671 1881 arbitratae
685 1830 731 1881 est
747 1833 939 1901 partem'osse
949 1822 1065 1885 Cretae.
1109 1820 1225 1893 Quam-

112 1926 155 1965 ne
169 1916 257 1965 antea
280 1926 347 1985 cap.
361 1925 418 1969 vn.
440 1905 474 1965 in
495 1905 601 1965 insulis
623 1906 734 1965 Italicis
753 1908 945 1967 numeravit?
972 1906 1042 1965 Oria
1055 1925 1118 1965 ease
1134 1904 1224 1965 ferrei

111 2000 253 2069 oportet,
275 1992 327 2070 qui
340 1988 401 2049 hue
414 1990 534 2053 dixerit.
579 1992 655 2065 Quis
667 2001 768 2051 autem
783 1990 887 2051 erodat
907 2012 1065 2072 cupressos
1083 1990 1116 2050 in
1130 1990 1226 2049 Aena-

111 2081 161 2134 ria
171 2085 280 2154 aponte
292 2076 397 2135 naaei'l
417 2076 600 2153 Ecquisnam
616 2075 717 2135 isthuc
731 2074 891 2137 memoriae
905 2073 1067 2159 prodidit?
1089 2096 1150 2135 non
1165 2095 1227 2134 ma-

111 2160 161 2239 gia
173 2160 345 2221 mehercule
358 2178 449 2239 quam
467 2160 547 2219 Batti
565 2159 704 2241 silphion
726 2172 779 2221 aut
801 2162 944 2223 auriferae
967 2160 1063 2220 melos
1082 2160 1227 2239 Hesperi-

112 2244 198 2307 dum.
242 2245 354 2305 Verum
376 2254 412 2305 ut
431 2245 559 2305 ulterius
578 2246 824 2325 progrediamur,
850 2248 938 2307 etiam
955 2245 1091 2306 Solinum
1111 2264 1171 2303 non
1186 2243 1224 2302 ab

110 2330 197 2389 omui
208 2340 294 2412 parte
306 2350 413 2390 sanum
432 2349 498 2389 esee
522 2330 671 2391 existimo.
714 2330 809 2392 Valde
825 2334 903 2391 enim
928 2331 1068 2410 auspicor
1090 2328 1225 2397 itascri·

108 2424 201 2494 ptum
214 2436 278 2476 ease
295 2415 478 2493 antiquitus:
501 2414 581 2475 Nom
599 2418 632 2475 in
651 2418 749 2475 Turro
761 2414 847 2497 hujus
860 2413 975 2476 insulae
989 2429 1076 2494 purte
1091 2409 1225 2493 repullu-
1345 2490 1347 2495 Ι

109 2498 197 2560 lane.-
217 2500 286 2572 vel,
307 2501 340 2559 in
355 2498 442 2578 hujus
454 2513 568 2559 tuntum
585 2498 702 2560 insula
721 2503 815 2561 Tarra
833 2498 1023 2581 repullulent.
1065 2498 1129 2559 Nec
1145 2497 1223 2557 euim

111 2605 132 2643 a
147 2585 268 2661 vulgata
283 2586 414 2645 lectione
427 2583 516 2661 longe
535 2584 625 2645 nimia
646 2584 795 2645 abscedo:
821 2604 879 2645 nec
895 2584 1083 2664 probabilem
1102 2601 1224 2641 causam

110 2670 246 2749 reperire
260 2689 401 2750 possum,
424 2688 479 2727 cur
491 2668 653 2729 abstineret
667 2690 732 2728 eam
742 2684 857 2752 portem
873 2667 988 2729 insulae
1003 2688 1059 2728 suo
1072 2666 1222 2727 vocabulo

109 2757 276 2818 nominare.
320 2755 456 2814 Dicerem
471 2754 575 2829 etiam,
597 2754 622 2813 si
639 2755 756 2815 animus
776 2764 857 2816 esset
873 2752 1017 2814 hariolari
1037 2755 1221 2832 conjecture,

107 2839 337 2899 similitudinem
349 2839 513 2899 verborum
537 2840 643 2899 Catoni
664 2840 860 2921 imposuisse,
881 2859 951 2901 cum
972 2857 1150 2919 cupressum
1165 2836 1222 2895 Ta·

108 2926 261 2984 rentirmm
276 2924 450 3005 appellaret.
508 2924 663 3003 Siquidem
686 2926 760 2985 urba
780 2927 885 2987 Cretne
909 2919 1026 3005 Τᾶρρα,
1057 2924 1221 2985 Tarentum

110 3020 214 3069 autem
231 3002 332 3092 Τάρας
346 3019 485 3071 vocatur.
528 3010 639 3070 Lanam
658 3010 799 3091 quidem,
820 3020 852 3071 et
874 3028 1059 3091 purpuram,
1079 3008 1156 3085 mel,
1175 3026 1221 3065 aa·

108 3098 188 3171 lem,
209 3095 321 3172 oleam,
344 3115 457 3166 ceram,
479 3114 621 3173 porrum,
642 3096 855 3177 pectunculus,
878 3107 1005 3170 ostreas,
1026 3114 1149 3169 nucem,
1172 3112 1220 3151 oa·
1237 3101 1265 3158 o
1281 3102 1318 3159 3ο

110 3189 241 3255 ataneas,
262 3179 338 3239 licus
353 3180 529 3240 Tarentinas
543 3180 741 3242 animadverti
754 3181 847 3241 luisse
860 3180 890 3239 in
907 3179 1021 3261 pretioe
1046 3196 1222 3257 cupressum

108 3264 305 3325 Tarentinam
318 3266 394 3325 cedo
409 3263 483 3323 mihi
496 3285 600 3340 uuum,
614 3266 668 3345 qui
683 3288 776 3347 supra
791 3274 923 3325 caeteras
939 3262 1118 3339 laudaverit,
1134 3280 1222 3343 prae-

110 3361 163 3412 ter
178 3352 331 3414 Catonem,
376 3349 487 3410 Verum
499 3348 560 3409 hoe
573 3350 685 3430 obiter,
708 3361 740 3411 et
750 3349 843 3429 magia
856 3350 926 3430 joco
941 3349 1056 3409 dietum
1071 3347 1220 3424 existima,

111 3458 204 3517 quam
221 3435 303 3516 quod
318 3435 350 3494 in
365 3456 400 3495 ea
414 3435 469 3494 eim
487 3436 640 3496 sententia.
682 3435 747 3495 lam
760 3434 842 3517 quod
854 3435 1015 3516 Euripides
1034 3435 1120 3493 istam
1133 3431 1222 3492 erbo·

109 3543 178 3583 rem
198 3522 272 3582 dicit
293 3520 474 3581 firmissimas
494 3520 597 3581 trabea
621 3523 740 3601 templis
761 3520 952 3601 praebuisse
971 3520 1070 3580 firmat
1088 3516 1122 3578 id
1145 3517 1222 3579 adeo

111 3606 350 3668 emendationem
363 3614 513 3666 nostram:
536 3626 604 3665 cum
627 3626 803 3687 cupressum
825 3624 927 3667 omnes
948 3626 1011 3665 uno
1036 3624 1089 3664 ore
1110 3612 1222 3663 testeu-

110 3702 165 3753 tur
175 3683 381 3775 χρονιωτάτη
395 3700 561 3771 cessatque
575 3686 799 3772 domenacione·
822 3700 851 3750 et
866 3690 947 3770 quod
960 3699 1055 3770 caput
1066 3698 1121 3764 est,
1137 3706 1221 3767 egre·

111 3778 161 3856 gie
177 3787 298 3858 praetor
318 3784 450 3837 caeterae
466 3776 499 3837 in
516 3778 649 3837 Deorum
673 3778 798 3838 aedibus
811 3776 914 3837 lucum
935 3774 1123 3839 othonorum
1136 3774 1220 3835 inve-

108 3862 199 3925 uiaae.
241 3861 425 3943 Hermippus
436 3861 518 3943 apud
529 3860 729 3924 Athenaeum:

279 3978 319 3993 -
342 3978 382 3993 -
406 3980 446 3995 -
468 3941 718 4032 tet’Atydneoo
730 3944 769 4011 roi
780 3942 932 4028 κρεμαστοὶ

278 4032 364 4095 Ιστία
373 4031 425 4096 nul
474 4028 592 4115 'dicum
614 4027 676 4096 daed
687 4028 717 4097 d’
728 4026 770 4096 nei
784 4034 900 4116 Συρίας
912 4025 1092 4114 inficiuntur·

275 4121 310 4178 H
324 4114 358 4181 di
371 4122 448 4199 αολη
463 4112 571 4203 Κρήτη
581 4112 773 4200 κυπάρισσον
786 4124 866 4181 τοῖσι
879 4124 990 4182 θεοῖσι.

111 4198 340 4282 Theophrastus
358 4202 437 4263 lliat.
463 4207 497 4270 6.
520 4206 551 4271 5.
573 4198 691 4267 τούτων
705 4202 740 4267 tl
754 4196 939 4286 χρονιώτατα
958 4205 1045 4267 δοκεῖ
1061 4196 1099 4265 ed
1120 4223 1217 4265 aune-

109 4288 227 4371 ρίπινα
238 4283 327 4355 elsua·
347 4284 382 4354 ω’
391 4292 469 4374 ysaia
482 4288 517 4355 ia
528 4287 661 4377 Epion,
681 4289 713 4367 ἐξ
728 4282 773 4355 de
795 4288 831 4353 ul
850 4282 949 4372 θύραι
968 4292 1027 4379 τοῦ
1047 4282 1108 4353 sed
1127 4294 1218 4368 τεθη-
