2950 4817
241 280 318 353 732
701 272 911 343 BENTLEII

239 468 343 530 peram
359 446 493 528 cepisse:
522 454 554 507 et
572 425 787 527 priestabilius
809 455 855 509 eet
870 456 1021 529 receptam
1045 444 1302 529 Harpocrationis
1320 445 1364 504 le·

241 536 371 593 ctionem
386 543 498 593 sertem
512 542 543 593 et
555 542 664 593 tectam
678 534 769 593 tueri.
811 534 925 614 Nempe
947 545 983 597 ut
1004 535 1146 615 suspicor
1161 533 1234 593 libri
1247 533 1365 610 Epige-

240 621 288 679 nis
303 639 372 679 cum
389 619 471 679 lonis
487 618 607 697 scriptis
630 618 785 699 conjuncti
808 619 999 681 ferebantur:
1021 620 1048 679 ls
1067 620 1145 679 enim
1165 626 1365 678 commenta·
1436 684 1437 689 η

240 707 320 765 rium
336 707 448 765 fecerat
459 706 490 764 in
505 705 586 764 louis
601 704 801 782 Tragoediam
824 706 908 783 quod
928 706 1002 765 scias
1018 726 1055 765 ex
1070 704 1225 765 Athenaeo
1245 703 1301 763 lib.
1318 722 1365 761 xr.

242 811 310 871 cap.
322 811 355 851 v.
378 800 413 853 ut
425 790 504 850 nihil
523 790 592 849 miri
614 790 668 865 eit,
689 789 716 849 si
738 790 930 851 librariorum
950 792 1000 871 qui
1018 793 1115 849 omnia
1130 788 1318 871 perturbant
1334 798 1367 845 et

240 878 387 953 miscent,
424 876 476 936 alii
502 885 647 956 tanquam
674 875 756 935 lonis
793 871 962 961 Τριαγμούς
988 876 1211 957 inscripserint,
1246 874 1301 933 alii
1330 882 1368 931 nt

237 962 389 1023 Eioenie.

264 984 398 1125 poPeg.
423 1050 494 1111 181.
539 1043 602 1107 Kal
621 1040 694 1123 perd
714 1045 833 1109 Μίνωα
843 1038 962 1120 Αὕλέας
983 1042 1143 1127 rpoyumsle
1158 1040 1277 1127 popou'e
1290 1044 1365 1121 tae-

241 1126 345 1214 pdsorr
361 1126 581 1211 συνεγράψατο.
603 1130 771 1191 Permirum
794 1132 921 1191 fortasse
937 1130 1090 1209 videatur,
1114 1130 1191 1189 Milli
1213 1129 1366 1189 doctissi-

241 1239 300 1291 me,
322 1218 524 1277 tenebrionem
540 1217 624 1275 illum
642 1217 766 1275 Auleem
781 1238 838 1297 pro
852 1214 1000 1295 Aeschylo
1014 1240 1030 1277 a
1045 1217 1158 1276 Joenne
1178 1215 1256 1276 dici.
1279 1212 1366 1287 Quid

243 1313 341 1363 autem
359 1301 564 1362 admirationis
579 1300 688 1374 habet,
708 1323 776 1360 cum
797 1303 828 1362 in
847 1302 989 1361 mernoria
1015 1303 1082 1381 quis
1102 1311 1205 1361 teneat
1223 1310 1277 1359 tot
1289 1300 1363 1357 alias

241 1388 495 1449 hallucinationes
511 1386 660 1445 luminis?
683 1388 780 1445 Etiam
795 1409 823 1466 p.
836 1392 888 1451 73.
902 1388 1011 1446 citatur
1031 1382 1150 1459 Aditur
1168 1385 1186 1449 ὁ
1209 1378 1365 1459 σοφώτα-

240 1498 293 1547 τος
314 1474 353 1533 de
377 1472 578 1552 Endymione,
611 1492 699 1551 quem
722 1473 754 1531 in
773 1482 875 1531 monte
891 1472 994 1531 Cariae
1010 1474 1091 1531 launa
1110 1470 1309 1549 consopivit,
1332 1478 1366 1527 ut

241 1578 311 1618 eum
327 1558 526 1616 dormientem
539 1558 737 1613 osculer-etur.
781 1554 927 1633 Suspicor
947 1562 976 1612 st
995 1554 1365 1635 hicquoquesiguilicari
1439 1580 1440 1621 l

241 1641 443 1719 Aeschylum,
466 1637 568 1716 quiin
590 1638 690 1696 sabula
718 1637 846 1697 Caribus
866 1639 929 1695 sire
949 1634 1070 1717 Europa
1095 1660 1156 1699 nou
1177 1644 1286 1719 potnit
1303 1662 1365 1699 nou

243 1748 307 1787 eam
322 1725 478 1785 historiam
494 1723 649 1799 attingere.
693 1722 775 1781 lllud
796 1730 895 1781 autem
923 1743 1011 1800 quem
1032 1723 1224 1801 longesbeet
1244 1746 1263 1781 s
1280 1744 1364 1797 rere,

243 1811 328 1891 quod
348 1807 531 1887 Aeschylum
552 1818 655 1867 narrat
673 1808 802 1885 primum
833 1806 997 1866 instituisse
1022 1806 1130 1867 choros
1151 1808 1314 1885 tragicos?
1342 1811 1365 1869 E

242 1897 365 1957 diverso
382 1905 484 1974 partes
505 1891 607 1968 chori,
637 1904 724 1952 antea
747 1914 836 1972 quam
858 1892 1026 1973 Aeschylus
1044 1892 1214 1971 tragoedias
1238 1894 1364 1969 laceret,

244 1993 332 2042 eraut
354 1981 449 2041 altero
467 1987 552 2038 tento
573 1977 739 2055 longiores,
763 1998 852 2058 quam
873 1988 952 2059 post.
997 1978 1057 2037 Sed
1074 2000 1107 2039 ea
1121 2000 1169 2038 res
1184 1980 1244 2038 taisi
1263 1981 1365 2057 pluri-

243 2067 301 2127 bus
317 2066 420 2125 verbis
437 2062 580 2144 explicari
593 2085 654 2123 non
667 2074 782 2143 potest:
804 2073 865 2124 tota
889 2064 950 2123 sere
969 2084 1075 2123 scenae
1089 2065 1166 2123 ratio
1186 2074 1218 2125 et
1232 2064 1365 2125 historia

243 2162 289 2214 est
302 2150 493 2211 illustranda:
517 2150 689 2229 complures
703 2160 842 2207 autorum
858 2148 918 2207 loci
937 2168 996 2231 qua
1010 2148 1197 2227 corrigendi,
1220 2171 1288 2230 qua
1307 2172 1365 2209 no-

242 2257 283 2298 vo
297 2236 387 2297 modo
403 2234 637 2316 interpretandi:
659 2236 747 2293 multi
768 2255 884 2295 errores
905 2234 1077 2313 amovendi,
1096 2236 1157 2315 jam
1181 2236 1253 2315 ipsa
1274 2248 1361 2295 vetu-

245 2333 320 2383 state
340 2323 408 2382 cani
428 2332 458 2381 et
477 2321 672 2383 venerabiles.
714 2322 809 2379 Nemo
829 2321 906 2379 euim
925 2340 1004 2379 unus
1018 2341 1057 2379 ex
1073 2320 1198 2381 cohorte
1214 2321 1362 2380 Erudito-

242 2429 327 2484 rum,
351 2407 403 2487 qui
420 2408 452 2465 in
467 2428 503 2466 eo
520 2415 695 2484 argumento
710 2414 866 2485 tantopere
881 2406 1073 2481 laborarunt,
1095 2406 1172 2465 scire
1185 2404 1292 2466 adhuc
1306 2429 1363 2487 po·

241 2494 317 2564 tuit,
341 2494 416 2572 quid
430 2491 572 2570 Themis,
594 2492 668 2571 quid
690 2490 858 2570 Aeschylus
881 2501 912 2550 et
932 2491 1097 2570 Sophocles
1116 2492 1254 2550 inventis
1272 2494 1361 2557 addi:

241 2577 364 2640 derunt.
408 2579 513 2655 ltaque
531 2587 593 2635 tom
608 2576 712 2636 odiost
734 2576 955 2656 disceptatione
982 2577 1132 2655 patienter
1157 2598 1269 2636 carere
1286 2598 1361 2657 pos-

233 2665 284 2727 sis
302 2664 333 2723 in
349 2663 531 2743 praesentia:
553 2664 614 2720 imo
635 2682 744 2719 vereor
768 2672 802 2721 ut
818 2662 893 2722 citra
911 2660 1064 2720 fastidium
1080 2660 1243 2741 epistolam
1261 2664 1359 2743 perle-

148 2753 174 2806 0
192 2752 229 2808 70
246 2770 297 2824 gas
313 2750 400 2809 etiam
417 2744 529 2824 absque
546 2746 603 2805 ieta
623 2749 845 2805 concertatione
861 2748 986 2805 nimium
1008 2747 1173 2827 loquacem.
1218 2748 1273 2808 Me
1295 2750 1356 2829 qtti-

241 2833 310 2895 dem
326 2844 357 2914 et
372 2853 474 2892 morae
490 2842 660 2911 pertaesum
679 2843 723 2892 est
738 2841 768 2891 st
781 2831 971 2911 ineptiarum.

327 2920 397 2996 rag.
419 2916 495 2982 214.
539 2919 724 2997 Στησίχορος
747 2915 800 2977 καὶ
823 2919 1028 2997 Βακχυλίδης,
1052 2918 1082 2979 οἳ
1104 2908 1186 2993 ’ἦσαν
1207 2911 1359 2997 ὀρχήσεως

235 3000 359 3077 edomui
378 3002 432 3064 καὶ
450 3003 583 3077 ποιηταί.
627 3004 709 3075 Quid
731 3004 861 3063 iterrasl
891 3004 1032 3061 nimirum
1055 3012 1158 3072 uestra
1176 3024 1235 3061 nos
1259 3003 1358 3081 opinio

241 3089 367 3163 fefellit,
390 3088 443 3167 qui
458 3086 641 3146 credidimus
655 3101 685 3149 te
704 3087 879 3149 Antiochiae
896 3108 959 3147 esse
973 3098 1084 3149 natum.
1127 3088 1290 3166 Siquidem
1305 3108 1359 3145 au-

242 3185 294 3235 tor
324 3185 370 3234 est
393 3174 542 3232 Lucienus
566 3170 781 3241 Antiochenses
801 3174 838 3233 de
863 3174 1056 3233 saltatoribus
1085 3175 1198 3253 optime
1226 3174 1359 3231 omnium

240 3259 380 3342 judicare
393 3257 544 3339 potuisse:
565 3269 596 3319 te
610 3270 710 3328 autem
724 3278 792 3319 cum
808 3259 934 3321 aliarum
949 3260 1098 3333 omnium,
1121 3269 1186 3317 tum
1203 3258 1299 3339 hujus
1313 3279 1360 3317 ar-

242 3346 282 3405 tie
297 3345 549 3426 imperitissimum
561 3344 707 3407 videmus.
753 3346 836 3424 Rogo
850 3356 898 3424 te,
922 3343 1014 3404 bomo
1028 3342 1183 3403 hominum
1200 3344 1361 3422 ignarissi-

243 3432 332 3505 eime,
361 3450 553 3509 nunquamne
579 3432 688 3489 Sacrae
713 3431 885 3509 Scripturas
907 3428 1070 3491 lectitasti'l
1098 3450 1200 3489 uonue
1222 3431 1270 3491 ibi
1299 3430 1362 3491 sre-

243 3536 338 3595 quens
356 3516 528 3576 saltationis
540 3516 653 3575 mentio
672 3515 728 3573 diu
749 3516 880 3595 diuque,
903 3526 1062 3594 antequam
1080 3515 1278 3577 Stesichorus
1294 3538 1361 3577 nas-

243 3602 386 3661 ceretur?
409 3600 506 3680 quid?
527 3622 567 3660 ne
580 3601 746 3661 Homerum
761 3602 883 3683 quidem
904 3622 961 3684 per
978 3611 1168 3661 hausennam
1191 3604 1359 3684 aspexisti?

239 3685 302 3767 jam
315 3706 386 3766 ergo
399 3706 468 3745 eum
480 3686 585 3747 audies
599 3688 686 3747 lieet:

411 3768 584 3853 Opxneuie,
605 3766 708 3853 μολπή
722 3794 771 3848 τε,
792 3765 886 3856 τάπερ
900 3766 930 3835 τ’
944 3768 1130 3855 ἆναθήματα
1144 3766 1256 3849 δαιτός.

409 3861 498 3941 Athy
515 3855 570 3935 plu
586 3854 644 3939 peip
661 3856 755 3920 ἔδωκε
767 3854 840 3932 θεὸς
852 3857 1004 3939 πολεμήϊα
1022 3860 1111 3941 ἔργα,

407 3946 497 4025 Λλλῳ
511 3938 544 4005 d’
566 3938 717 4023 ὄρχηστύν
726 3989 735 4020 ,
759 3942 848 4028 ἑτέρῳ
861 3947 988 4027 κίθαριν
1001 3944 1054 4009 καὶ
1070 3938 1190 4025 ἀοιδήν.

240 4024 311 4085 Seio
330 4033 448 4104 umen,
479 4028 555 4106 quid
576 4030 608 4089 in
631 4028 769 4088 fraudem
791 4040 821 4089 te
839 4031 977 4111 impulit,
1007 4050 1115 4111 nempe
1138 4050 1248 4090 nomen
1268 4030 1359 4091 stesi-

232 4108 344 4184 chori,
368 4119 510 4191 tenquam
525 4116 551 4172 si
567 4114 682 4193 primus
700 4110 846 4194 ἐστήσατο
860 4112 985 4197 χορούς·
1008 4128 1038 4175 et
1055 4126 1192 4196 poemata
1210 4118 1359 4195 quaedam

241 4193 453 4276 Bacchylidis,
476 4217 553 4275 quae
578 4194 786 4281 Τπορχήματα
800 4202 946 4285 inscripta
961 4212 1047 4279 suist,
1072 4212 1102 4262 et
1123 4223 1139 4260 a
1163 4202 1294 4261 Stobaeo
1318 4204 1358 4260 ci-

242 4289 361 4358 tantur,
392 4280 600 4346 et·Atheuaeo
624 4285 677 4347 lib.
703 4306 771 4349 xrr.
794 4292 829 4349 H
848 4281 882 4350 δ’
906 4283 1136 4372 ὖπορχηματική
1162 4287 1261 4365 ἔστιν,
1286 4278 1358 4371 ἕνῇ
