2950 4817
236 322 369 368 xxxrrrr
623 236 976 357 PROLEGOMENA.

239 488 291 531 eoo
304 464 466 529 recensitos
487 462 588 543 volui,
608 472 645 523 ut
664 472 741 543 quot
759 472 790 523 et
808 461 930 543 quinem
949 460 1107 522 extiterint
1122 458 1205 521 illiue
1223 456 1357 517 neminie
1473 529 1474 532 Ἴ

237 590 301 633 uon
315 570 435 631 nerciut
452 568 492 629 eit
505 568 631 644 Lector,
653 574 698 643 ct,
719 565 828 645 niquis
841 586 879 627 er
890 564 953 625 illie
966 582 1036 623 curn
1050 558 1289 640 Chronogrepho
1301 580 1359 619 no.

239 683 303 737 otro
316 673 398 734 idem
409 690 473 732 erre
485 669 644 746 videatur,
666 668 696 729 ci
711 670 837 749 proprio
858 688 915 729 ruo
934 665 1049 747 judicio
1068 666 1116 725 uti
1134 666 1242 741 licent,
1262 664 1357 724 modo

240 787 270 839 ct
284 777 358 837 mihi
372 776 462 835 liccat
474 773 521 833 uti
534 789 611 835 mco.
655 770 738 831 Nihil
751 790 829 851 opur
843 780 890 832 ert
902 780 938 831 ut
949 768 1035 854 hirco
1050 768 1225 850 subjiciam,
1248 788 1265 827 ι
1280 767 1359 827 Diu·

241 900 317 943 cono
339 874 533 955 Literaro1)
556 873 715 935 memorari
744 874 927 955 Episcopum
959 870 1109 952 quendem
1129 866 1359 944 Alexandriae,

240 980 328 1063 cujue
352 998 461 1040 nornen
485 979 523 1038 eit
549 975 646 1037 nostri
671 975 838 1057 Scriptorir
862 995 954 1056 quero
980 976 1183 1050 simillimum,
1211 970 1360 1032 Ioannem

241 1096 435 1164 cognomento
454 1076 564 1158 Melet
585 1100 674 1159 quem
693 1079 769 1139 dicit
789 1079 881 1139 iniere
901 1078 1121 1153 moerentum,
1143 1072 1204 1135 hoc
1223 1083 1270 1133 eet
1283 1072 1361 1132 Dio-

242 1186 443 1247 orinomenune
465 1181 530 1243 eive
547 1181 664 1262 Synodi
686 1176 934 1242 Chalcedonensis
952 1179 1172 1241 edvereerium.
1220 1175 1362 1236 Eundem

242 1304 311 1347 eum
326 1284 419 1345 iniere
435 1304 504 1344 oum
520 1284 632 1345 Noetro
653 1280 701 1343 Jo.
721 1279 840 1345 Mateta
861 1284 1062 1363 mqrimbitur
1077 1300 1166 1343 neruo
1177 1280 1272 1361 penio
1289 1297 1363 1339 eru-

242 1386 344 1449 ditior.
386 1386 505 1449 Floruit
526 1386 604 1447 euim
623 1394 693 1446 ente
714 1393 852 1465 ternpore
870 1385 1046 1461 Juetiuioni,
1075 1396 1125 1463 et,
1151 1392 1187 1443 ut
1205 1392 1295 1442 autor
1316 1385 1364 1439 ert

241 1490 307 1570 ipre
319 1487 489 1565 liberetur,
511 1488 662 1549 recundue
675 1496 740 1547 eret
754 1488 787 1547 iu
803 1486 978 1549 Antietitum
992 1483 1278 1550 Alexandrinorum
1291 1500 1364 1541 tuo·

242 1592 377 1652 ceeeione
397 1611 416 1652 e
437 1589 525 1651 Petro
550 1590 687 1672 Mongo,
715 1589 870 1651 Atheriani
890 1589 1045 1651 Haeretici
1065 1606 1242 1661 succentor,
1263 1594 1295 1645 et
1316 1583 1363 1643 ei-

242 1694 338 1754 terim
359 1691 485 1755 Jocnnir
502 1692 679 1755 Morbiotoe
705 1690 791 1774 (eive
806 1691 966 1773 Niciotoe)
989 1688 1192 1769 cognominati
1208 1688 1363 1748 decernor.

242 1796 397 1877 luooepit,
432 1795 522 1876 juxte
554 1791 723 1856 Chronicon
757 1790 925 1872 Orientale,
953 1794 1108 1855 Ecclceiee
1144 1790 1365 1851 Alexandrinae

243 1894 605 1979 pincionemonte.
630 1903 661 1955 et
683 1894 791 1956 Sedem
809 1898 908 1956 tenuit
925 1916 983 1977 per
1001 1915 1097 1956 enuoe
1111 1898 1144 1960 8.
1166 1901 1196 1953 ct
1210 1891 1295 1971 quod
1309 1910 1365 1951 ex-

158 2025 163 2052 ι
211 2071 219 2081 .
244 1998 350 2059 currit.
400 1994 564 2059 ΚὲνσΙιεηε
584 1996 616 2057 in
638 1992 786 2079 Getulogo
809 1996 1060 2060 Patr-irruiturum
1079 1991 1366 2059 Alexandrinorum

185 2142 193 2152 .
243 2103 338 2163 refert
352 2100 434 2161 illiue
446 2099 565 2159 initium
583 2098 623 2157 od
643 2118 754 2159 cunum
770 2098 883 2160 christi
894 2100 967 2165 606.
999 2099 1048 2160 td
1069 2118 1159 2180 quem
1179 2116 1290 2157 oneum
1308 2116 1367 2178 po·

243 2206 329 2265 nitur
344 2222 361 2261 ι
376 2200 512 2262 Heronio
524 2220 586 2261 uon
601 2200 719 2262 initium
735 2202 817 2284 ojut,
838 2202 894 2263 red
908 2203 1018 2264 exitur.

330 2304 411 2367 XIV.
454 2302 499 2363 De
518 2301 760 2386 chronographo
779 2313 884 2365 noetro
914 2304 1060 2382 (benigne
1076 2304 1205 2375 Lector)
1225 2300 1368 2380 quiofuit

245 2414 276 2467 et
291 2406 410 2485 quotie,
431 2404 482 2464 vel
496 2405 600 2484 potine
615 2406 772 2485 recoquit
792 2416 823 2467 et
844 2405 942 2486 quotie
963 2426 1026 2465 uon
1047 2406 1121 2482 fuit,
1149 2404 1367 2484 inquisivimus

243 2504 401 2567 hoctenue.
445 2507 510 2565 Jem
527 2508 664 2585 postulet
676 2510 756 2568 retio
774 2508 873 2567 uortri
893 2507 1043 2585 inuitati,
1064 2515 1102 2566 ut
1117 2505 1156 2566 etl
1172 2506 1231 2566 elia
1244 2526 1368 2587 pregre·

244 2606 381 2686 niumm,
410 2616 441 2669 et
456 2608 553 2687 quotie
574 2609 615 2669 eit
634 2609 793 2690 Scriptor‚
820 2608 920 2687 deque
940 2608 1006 2690 ojus
1029 2617 1125 2669 aetate
1132 2652 1141 2685 ,
1167 2618 1368 2689 temporeque

245 2728 306 2791 quo
322 2710 460 2789 scriptit,
481 2710 616 2771 inermur
633 2710 882 2789 disquisitionem.
926 2710 1081 2787 Floruiree
1102 2730 1172 2771 euru
1195 2710 1252 2769 enh
1268 2712 1368 2791 impe·

244 2811 292 2873 rio
306 2807 471 2870 Jnetinicni
483 2810 548 2891 ejus
561 2811 690 2871 neminie
705 2812 816 2886 Primi,
839 2811 923 2891 quod
936 2832 1015 2873 enno
1032 2814 1067 2870 Ι).
1081 2812 1170 2878 527⁰.
1189 2812 1368 2892 incoeptum

245 2920 305 2987 eet,
329 2920 360 2971 et
374 2912 452 2977 665⁰
468 2913 677 2989 terminatum,
699 2914 781 2974 inter
800 2912 870 2973 iiior
885 2912 1021 2974 eruditor
1034 2914 1142 2991 Viroo,
1164 2916 1219 2995 qui
1238 2913 1367 2975 Chmui.

246 3012 275 3071 ci
295 3012 360 3093 ejus
376 3014 530 3093 exemplar
545 3014 605 3076 MS.
627 3015 853 3094 pervolverint,
873 3014 1003 3075 inolevit
1019 3014 1180 3095 hucueque
1206 3018 1366 3079 cententio.

245 3114 296 3173 Sic
312 3122 451 3173 etrtuunt
465 3134 524 3195 pro
541 3126 625 3177 certo
645 3126 677 3177 ct
694 3116 867 3176 indubitato
889 3113 1081 3177 Ghilnremiur
1102 3118 1192 3179 eimul
1211 3120 1368 3199 interpree

245 3223 274 3276 et
290 3212 469 3297 Gregoriue3
496 3215 541 3276 ric
566 3236 688 3297 quoque
709 3218 765 3278 Vir
785 3238 921 3279 eummur
945 3216 1016 3281 Get.
1037 3216 1202 3300 Lloyriim,
1230 3220 1366 3283 Autirtee

244 3316 433 3400 Amphrisia
445 3317 628 3397 hodiernus,
651 3320 703 3401 qui
718 3330 749 3381 et
764 3339 834 3380 eum
852 3320 1006 3382 exietimat
1025 3342 1104 3381 enno
1126 3322 1285 3382 Jootinirni
1306 3324 1367 3384 cir-

245 3420 323 3480 citer
343 3439 419 3479 xxv.
441 3420 573 3481 scribere
597 3421 730 3483 deriime.
780 3421 848 3482 Hoc
877 3422 977 3483 edocti
998 3442 1055 3483 noc
1076 3442 1179 3484 eumue
1199 3444 1218 3482 e
1240 3424 1364 3489 ctoriae.

245 3520 383 3583 Antonio
398 3518 476 3602 Pagi
489 3524 519 3581 in
535 3520 674 3583 Annolee
691 3520 782 3585 Curti.
797 3523 926 3585 Boronii
936 3518 994 3607 Β).·
1014 3526 1046 3585 in
1061 3544 1122 3605 quo
1134 3526 1235 3607 Opere
1251 3528 1366 3588 eximio

245 3621 284 3682 de
299 3620 538 3703 Chronogrepho
560 3634 665 3685 nostro
690 3644 729 3685 ex
751 3625 847 3685 Patrio
869 3626 1019 3705 praedicti
1035 3629 1141 3689 Literir
1158 3630 1198 3689 ed
1215 3649 1248 3690 ee
1264 3630 1365 3691 mietio

212 3770 215 3776 .
244 3723 425 3784 mentionem
450 3725 565 3786 faciem
585 3727 642 3788 Vir
664 3727 719 3789 itte
751 3728 989 3803 eruditissimum
1018 3728 1127 3807 Vixit,
1158 3731 1277 3812 inquit,
1307 3731 1364 3795 rut

244 3822 367 3907 Magno
390 3823 560 3888 Iustiniono
581 3842 609 3889 et
629 3826 746 3889 videtur
766 3852 846 3890 anno
861 3832 922 3912 ejus
944 3853 1018 3898 xxv.
1038 3848 1092 3895 out
1106 3835 1223 3897 circiter
1237 3834 1364 3897 rcribere

247 4036 457 4048 un*-

279 4160 466 4230 ¹)Brcv1rrio
485 4177 543 4230 rep.
563 4164 605 4218 18.

278 4246 315 4317 ’)
332 4246 367 4301 ed
384 4264 427 4302 en.
443 4246 477 4303 i).
492 4248 555 4302 Ι107.
