2950 4817
504 261 862 335 sunorunonns.
1013 242 1015 246 '
1160 269 1239 350 σοι

128 457 218 519 qoem
232 413 437 518 Nicephorum
448 435 531 498 bone
545 440 621 504 200.
632 435 673 497 sd
685 435 840 500 misrimnm
853 436 940 500 snnis
950 439 1160 526 praecessisse,
1181 463 1238 506 nas

126 525 202 584 alibi
214 525 398 606 probaturos
415 545 476 586 non
493 523 679 586 dubitamus.

217 631 289 710 Peg.
311 627 384 693 247.
406 629 436 692 S·
459 621 740 708 προσομιλῆσοωος
752 618 874 704 αὖιοῖς]
894 627 1005 706 Ομιλία
1021 626 1170 690 hocloco
1188 653 1237 692 ac·

126 710 225 794 cipio,
248 711 352 771 eodem
375 730 465 772 sensu
484 729 544 792 quo
562 710 732 791 Scriptores
756 712 977 790 Ecclesiastici,
997 733 1054 792 pro
1079 717 1234 792 concione,

127 799 192 858 sire
205 797 338 857 orations
352 797 385 856 in
403 806 492 856 coetu
513 795 647 856 fidelium
661 794 775 858 habita.
816 798 974 858 Caeterum
993 797 1176 862 Christianos
1189 802 1237 862 di·

127 891 194 943 ctos
218 883 310 942 inisse
335 891 402 941 ante
418 881 578 942 Claudiurn
593 882 666 960 imp.
681 881 753 942 dusn
769 881 924 944 &Petrus
943 881 1045 946 adbuc
1059 884 1236 949 Antiochiae

125 978 308 1046 versaretur,
330 986 368 1028 ex
383 971 477 1027 Actor
490 972 539 1032 11.
556 967 712 1027 manifesto
729 976 866 1049 appetet.

214 1070 285 1150 Pog-
308 1069 379 1136 247-
404 1073 436 1132 9.
471 1061 597 1147 ὀνόματι
613 1071 750 1151 Φῆστος]
772 1069 876 1130 Festos
886 1069 919 1129 in
932 1069 1073 1131 Judaeum
1086 1071 1236 1132 Procurr-

125 1163 176 1215 tor
189 1155 296 1216 missus
309 1163 364 1229 est,
385 1174 447 1214 non
462 1175 478 1212 a
496 1153 633 1223 Claudio,
654 1155 707 1214 aed
720 1175 737 1216 s
751 1155 880 1234 Nerone,
903 1155 1027 1238 Imperii
1042 1157 1091 1218 sui
1104 1178 1182 1218 anno
1198 1179 1233 1224 11.

124 1236 196 1301 vide
208 1237 380 1322 Josephum,
402 1240 455 1300 lib.
469 1241 521 1304 20.
539 1259 606 1320 cop.
620 1242 653 1304 7.

212 1346 284 1424 Pog.
305 1341 378 1408 247.
403 1347 453 1406 17.
485 1333 699 1422 μεθιστάμεθα
710 1337 877 1422 ἐντεῦθεν]
900 1341 986 1422 forte,
1008 1336 1233 1425 μεθιστόμοθο.

123 1425 217 1486 verba
231 1425 314 1505 apud
330 1425 504 1506 saeptum,
526 1425 564 1484 ds
575 1426 637 1488 bel.
653 1425 721 1486 Jud.
737 1426 759 1490 l.
776 1432 806 1492 7.
820 1437 892 1486 sunt
904 1429 974 1490 ista.
1017 1431 1235 1493 METABAI-

125 1515 297 1574 ΝΩΜΕΝ
320 1513 565 1574 ΕΝΤΕΊΘΕΝ.
608 1511 811 1589 Corrigendus
836 1512 957 1572 interim
977 1512 1119 1595 ἱστοριῶν
1143 1534 1234 1578 συνοι-

122 1601 225 1680 γωγῆς
250 1595 468 1674 Scaligeriaase
492 1597 624 1672 Auctor,
657 1598 710 1676 qui
731 1596 798 1676 ipso
820 1597 993 1657 Dominicoe
1013 1599 1161 1659 Passionis
1184 1601 1234 1660 die

120 1682 294 1762 prodigium
308 1679 367 1740 hoc
382 1679 527 1740 accidisse
541 1679 660 1739 asserit:
682 1679 779 1760 deque
794 1679 855 1740 hoc
865 1681 1027 1763 Josepbum
1043 1685 1175 1764 appellat
1188 1694 1235 1746 te·

121 1777 212 1846 stem,
246 1765 299 1846 qui
320 1777 421 1826 tamen
439 1765 629 1825 Pentecostes
650 1764 727 1824 festo
746 1766 892 1826 occidisse
911 1757 971 1826 hoc
993 1769 1074 1831 clare
1092 1775 1232 1834 testatur.

119 1853 266 1933 Suspicor
280 1851 370 1912 etism
385 1849 562 1910 mendosum
578 1869 643 1909 esse
657 1867 817 1908 numerum
833 1871 979 1911 annorum
992 1860 1063 1933 post
1076 1851 1232 1915 Ascensio·

119 1958 189 1998 neus
204 1937 332 2008 Domini,
353 1957 369 1995 a
384 1945 490 1994 nostro
505 1932 649 2013 positum,
673 1953 733 2012 quo
751 1932 811 1994 boc
830 1935 975 1996 accidisse
992 1937 1104 2001 scribit.
1146 1939 1233 1999 Licet

120 2023 200 2081 enim
215 2042 325 2082 annum
339 2021 440 2100 ipsum
452 2015 599 2098 Josephue
623 2039 684 2076 non
700 2019 787 2098 ponit
805 2039 962 2100 expresse,
984 2023 1173 2082 manifestum
1187 2033 1233 2084 ta-

118 2127 190 2166 men
207 2116 252 2166 est
266 2126 328 2165 non
347 2103 437 2182 longo
458 2101 604 2182 temporis
619 2103 717 2183 spatio
732 2103 835 2184 templi
857 2103 1093 2166 devastationem
1107 2107 1167 2169 boc
1178 2129 1231 2168 on·

117 2191 284 2254 tecessisse.
311 2188 523 2267 Hierosolyma
537 2197 636 2246 autem
652 2196 741 2267 copta
757 2199 804 2249 est
817 2209 896 2248 anno
911 2211 949 2252 11.
964 2191 1141 2272 Vespasiani
1152 2192 1231 2274 Imp.
1271 2235 1275 2239 -

119 2297 200 2336 anno
220 2275 335 2336 scilicet
346 2293 455 2334 xxxix.
467 2281 540 2354 post
556 2273 766 2332 decensionem
782 2274 915 2351 Domini,
947 2275 994 2334 uti
1007 2275 1153 2336 Eusebius
1168 2279 1230 2338 Διι-

118 2372 190 2421 ctor
204 2369 256 2422 est.
300 2359 432 2437 Scaliger
446 2356 507 2417 hoc
526 2357 672 2416 occidisse
687 2357 754 2417 vuit
772 2378 851 2418 sono
865 2358 978 2418 Christi
993 2380 1064 2438 uxr,
1085 2363 1230 2422 sexennio

117 2447 235 2506 seilicet
249 2453 317 2506 ante
333 2443 535 2522 ierosolymae
549 2451 672 2522 coptos,
693 2443 817 2520 triginta
833 2441 952 2504 dumus
963 2463 1039 2505 vero
1056 2447 1142 2507 annis
1158 2457 1231 2528 post

115 2531 240 2592 Domini
253 2527 475 2600 Ascensionem.
518 2527 628 2604 Scalig.
643 2526 675 2586 in
690 2525 799 2588 Euseb.
814 2525 927 2590 Chron.
943 2547 975 2608 p.
994 2535 1065 2596 171.

204 2637 284 2715 Pog.
308 2630 383 2698 248.
406 2635 437 2698 8·
472 2623 532 2694 sind
550 2631 613 2692 ruis
634 2625 775 2708 Πισέοιν]
796 2629 863 2690 Scr.
886 2629 1043 2692 Πισαίων·
1064 2632 1229 2694 secundnm

117 2717 304 2800 Stephanum
322 2727 422 2777 tamen
438 2714 639 2791 scriberetur,
662 2711 835 2776 Πισαιὲωνι
867 2734 886 2774 s
908 2714 993 2778 Hice
1013 2716 1093 2778 enim
1118 2719 1230 2800 gentile

116 2803 203 2882 facit,
226 2798 372 2882 Πιοοὶοης,
394 2811 426 2864 et
444 2793 602 2874 Πιοαιεύς.

206 2909 278 2986 Pog.
301 2907 374 2972 249.
395 2906 426 2970 3.
469 2901 502 2966 oi
520 2895 606 2964 edroi
630 2893 876 2981 πολιτευόμενοι]
906 2894 1136 2976 πολιτευόμενοι
1154 2902 1229 2964 licet

116 2991 322 3073 Magistratus
337 2987 500 3068 generatim
512 2985 665 3064 significet,
687 2985 749 3046 hcc
763 2986 833 3047 loco
853 2995 954 3046 tamen
968 3006 1025 3066 per
1038 2981 1228 3065 Gymnesios-

117 3075 192 3137 obas
213 3073 385 3152 reddimus,
408 3074 598 3151 Magistratus
617 3091 726 3152 nesnps
748 3091 800 3133 ecs
823 3070 975 3150 dicentes,
997 3069 1107 3152 quibus
1123 3071 1228 3134 Ludos

115 3159 209 3222 hosce
223 3179 331 3221 curare
353 3158 605 3220 committebatur.
644 3185 647 3190 ·

202 3249 282 3327 Pog-
300 3245 374 3310 249.
397 3251 450 3310 21.
474 3241 516 3317 οἷς
534 3239 588 3305 loir
601 3234 705 3315 αὐτοῖς
719 3237 824 3320 ἔδοξε]
847 3236 888 3314 ὥς
899 3235 965 3315 icis,
986 3257 1045 3320 pro
1059 3233 1101 3311 ὥς
1113 3232 1164 3302 ἄν.

201 3333 279 3412 Peg·
302 3331 374 3396 250.
395 3329 427 3393 4.
459 3327 622 3410 sfirDecsg
637 3327 694 3387 τοῦ
715 3327 855 3406 Τρωϊκοῦ
874 3321 1025 3404 πολέμου]
1055 3321 1227 3402 Septimius,

117 3415 171 3496 qui
187 3419 280 3476 vitem
289 3417 394 3497 Dictys
410 3412 560 3476 Cretensis
576 3410 709 3493 scripsit,
729 3409 787 3470 hos
798 3407 872 3472 beili
887 3407 1011 3490 Trojani
1023 3408 1144 3469 annales
1156 3428 1226 3472 xm.

115 3501 244 3563 Neronis
256 3522 334 3562 nuno
346 3509 482 3582 repertas
496 3497 612 3559 asserit.

202 3585 278 3668 Peg.
301 3589 375 3653 260.
401 3591 452 3651 12.
485 3574 683 3664 diiunctione
701 3575 817 3661 ἡμέρας
840 3573 916 3658 δύο]
935 3574 1058 3640 Veneno
1075 3577 1226 3639 extinctus

115 3679 164 3730 est
179 3671 332 3747 Claudius,
354 3681 431 3731 teste
450 3667 613 3740 Suetoni03
633 3666 692 3724 Tit.
707 3665 760 3730 44.
782 3663 826 3723 Et
837 3685 945 3724 ueneno
960 3659 1077 3746 paridem
1094 3663 1225 3725 occisum

114 3758 271 3818 convenit:
300 3754 352 3816 ubi
374 3771 489 3829 autent,
520 3767 547 3813 et
566 3771 720 3834 perquem
740 3745 814 3808 doro
835 3744 994 3829 discrepat.
1043 3747 1129 3810 Diem
1150 3767 1225 3810 vero

114 3859 289 3922 supremum
304 3841 395 3918 obiit,
416 3836 626 3900 mesenus
643 3856 740 3910 anno,
764 3833 869 3894 eodem
885 3833 1043 3896 referente.

204 3929 276 4008 Pag.
300 3929 372 3992 250.
396 3929 446 3990 13.
472 3921 589 4005 Νέρων,
612 3916 713 3994 civicis·
728 3911 843 3998 αὕιοῦ]
864 3917 946 3978 Nero
959 3917 1039 3980 iilius
1051 3916 1109 3976 tuis
1121 3913 1223 3974 Domi-

113 4010 149 4072 tii
172 4019 202 4070 et
217 4011 401 4091 Agrippinae
422 4005 605 4082 Germanici,
628 4003 747 4066 Claudii
762 4005 881 4076 fratris,
902 4002 996 4065 filiae:
1027 4021 1117 4083 qnam
1138 4001 1223 4059 Cian-

112 4095 198 4172 dius‚
222 4105 317 4156 matra
332 4097 395 4174 ejus
410 4095 576 4177 Agrippina
592 4092 625 4151 in
636 4109 765 4152 uxorem
787 4097 930 4170 accepts,
950 4087 1045 4149 filium
1061 4085 1223 4166 adoptione

111 4181 290 4350 (181181113ἔὲ
299 4265 372 4333 250.
396 4264 445 4332 14.
475 4262 525 4330 tot
539 4268 595 4346 τῆς
608 4259 753 4334 sincerior
765 4261 942 4324 Σιλουανοῦ
954 4255 1008 4321 καὶ
1024 4251 1221 4331 Απονὶνοο]
