2950 4817
576 296 807 372 ΕΡΙδΓΟΜ.Ι
1167 308 1244 381 709

133 474 276 539 Proiecto
292 474 365 556 plus
384 481 451 536 toto
472 474 559 535 coelo
580 473 695 541 distent
712 467 822 551 Κάλοξ
842 481 873 539 et
893 466 1046 551 Κάλνψις.
1088 473 1151 554 Ego
1169 494 1243 537 vero

133 584 192 643 pro
208 562 368 642 explorato
381 578 508 640 prorsus
520 558 618 621 habeo
635 561 680 620 sie
695 560 842 639 scriptum
856 580 920 623 esse
935 561 972 621 eb
987 559 1139 641 Hesychio
1147 583 1156 638 5
1179 555 1250 623 Κά-·

133 650 235 721 λνζιν,
259 642 392 709 ιιάλοιια·
413 666 522 726 nempe
538 647 702 725 depravate
721 648 791 707 loco
814 640 967 721 Κάλνξιν·
990 649 1082 725 {pro
1100 648 1131 721 ξ·
1154 644 1244 724 duem

135 752 274 793 errorem
289 732 399 793 millies
415 731 562 791 erravisse
583 751 669 807 eum,
688 731 715 791 si
735 730 786 791 hic
805 731 890 790 locus
910 740 1003 807 esset,
1024 751 1105 789 nunc
1124 750 1245 810 possem

133 819 303 880 ostendere.
347 817 446 890 Quem
474 826 558 877 recte
586 826 688 877 eutem
715 811 853 890 Κάλνξιν
878 816 1095 896 interpretetur
1118 810 1244 888 udinese,

132 903 243 963 melius
259 911 355 963 estut
374 902 475 980 ipsum
495 901 535 961 nd
557 901 756 961 testimenium
778 920 937 961 uocemue:
960 896 1124 975 Καλάξεις,
1145 896 1245 979 ρόδων

131 984 273 1049 παλαίιιια.
318 983 467 1061 Κάλνξις,
489 982 602 1064 ιιόσμος
618 1011 664 1060 τις
678 986 712 1049 ie
727 983 839 1065 ῥόδων.
882 986 985 1047 Habeo
1008 986 1066 1047 sliu
1088 994 1242 1060 sexcenta,

133 1092 213 1150 quse
227 1071 287 1131 hoc
299 1074 368 1131 vice
381 1071 614 1135 condonabitur.
657 1072 768 1131 Verum
781 1070 884 1131 hercle
905 1072 931 1129 ei
946 1091 1077 1151 unquam
1090 1090 1164 1129 usus
1177 1071 1242 1129 lue.

130 1158 190 1231 rit,
215 1168 252 1217 ut
271 1178 351 1217 nove
372 1156 516 1235 Hesychii
536 1156 627 1232 editio
647 1166 846 1237 procuretur3
876 1156 942 1235 qui,
973 1166 1008 1217 ut
1029 1157 1061 1215 in
1083 1154 1243 1236 pudendos

130 1262 252 1303 errores
267 1242 375 1303 crebro
392 1242 552 1319 inciderit,
575 1242 752 1302 utilissimus
771 1240 966 1301 nihilominus
990 1251 1021 1300 et
1040 1262 1116 1321 pene
1135 1260 1240 1301 neces-

129 1328 232 1388 sarius
243 1337 288 1387 est
304 1326 459 1399 omnibus,
480 1328 532 1406 qui
548 1327 587 1386 sd
603 1348 706 1387 verum
719 1326 918 1387 eruditionem
936 1328 1015 1386 viem
1031 1324 1184 1389 allectante

296 1413 331 1472 ld
346 1413 401 1471 tibi
416 1413 455 1471 de
467 1415 559 1492 plano
575 1432 698 1493 possum
712 1414 907 1491 promittere,
932 1412 1023 1487 Milli,

128 1497 265 1576 quinque
277 1498 348 1576 plus
362 1498 459 1556 minus
470 1497 564 1557 millis
575 1497 753 1557 mendorum
767 1518 813 1555 me
836 1492 1045 1556 correcturum
1064 1517 1144 1575 esse,
1166 1497 1192 1558 ei
1204 1494 1242 1557 li-

127 1582 231 1643 buerit
237 1605 247 1659 3
270 1603 348 1660 quse
363 1583 491 1641 aliorum
509 1576 667 1660 εάστοχίαν
686 1590 716 1639 et
734 1582 914 1641 laboriosum
935 1581 1118 1657 diligentium
1138 1581 1241 1641 liecte-

126 1688 188 1727 nus
208 1669 371 1727 eluserunt.
420 1666 477 1741 Ut,
504 1665 579 1725 illuc
607 1664 689 1725 unde
716 1666 791 1741 obii,
823 1666 962 1725 redeam:
991 1666 1101 1725 multos
1129 1668 1240 1746 ubique

124 1754 310 1816 texieorum
324 1754 411 1810 locoe
428 1750 708 1812 contaminaverunt
722 1750 928 1809 correctiones
950 1750 1019 1809 illse
1040 1752 1071 1811 in
1091 1752 1240 1812 librorum
1257 1752 1284 1808 0
1300 1750 1335 1809 40

123 1836 331 1914 marginibus:
354 1834 437 1915 quod
453 1856 491 1895 ex
504 1835 559 1894 illo
575 1844 710 1914 tempore
724 1836 851 1893 verbum
866 1834 1042 1893 mendosum
1058 1856 1126 1895 cum
1142 1837 1238 1897 altero

121 1922 258 2002 junctim
270 1922 500 1981 continuaretur
511 1920 544 1979 in
558 1939 667 1996 νότιος
695 1940 754 1979 non
772 1922 819 1978 uti
838 1920 951 1979 fectum
972 1920 1124 1999 oportuit,
1146 1922 1239 1983 litura

123 2008 298 2067 tolleretur.
338 2007 539 2065 Luculentum
556 2003 649 2083 liujue
674 2006 718 2063 rei
743 2005 913 2084 exemplum
934 2012 1015 2064 extet
1030 2006 1112 2085 apud
1126 2006 1237 2066 lulium

122 2093 282 2153 Pollucem
296 2091 349 2154 lib.
365 2110 420 2150 vn.
436 2109 502 2167 cup.
516 2109 629 2150 mur.
650 2089 703 2148 ubi
724 2089 804 2149 inter
824 2092 906 2149 varia
922 2090 1042 2149 numine
1056 2091 1190 2170 jactuum
1205 2094 1238 2153 in

121 2175 203 2236 ludo
217 2176 323 2236 talario
338 2175 532 2243 nominentur
544 2170 633 2253 άρτια
653 2184 685 2232 et
703 2172 865 2254 άρματίαι,
888 2168 1057 2254 άντίτενχος
1073 2184 1103 2235 et
1118 2170 1238 2239 α’νείσν-

121 2285 201 2337 πος,
223 2259 377 2338 ίπιᾳένων
392 2269 421 2319 et
435 2258 597 2339 ἐπιφέρων.
639 2258 701 2319 Sed
722 2280 760 2319 ex
782 2258 865 2320 hiece
882 2259 958 2319 binis
974 2280 1032 2319 non
1046 2260 1103 2320 nisi
1120 2262 1237 2337 singule

125 2346 435 2425 quaequesPolluce
457 2345 594 2425 profecte
615 2354 705 2420 sunt,
727 2353 845 2403 caetere
866 2362 926 2423 que
947 2342 1012 2403 dixi
1033 2344 1084 2405 vie
1105 2346 1237 2407 insinue-

58 2452 65 2461 ·
122 2443 203 2492 runt
218 2453 250 2491 se
265 2431 299 2491 in
315 2430 492 2491 orationem.
536 2430 592 2489 Cui
608 2428 729 2506 quidem
751 2430 915 2490 sententiae
937 2450 997 2488 nun
1015 2430 1129 2490 invitus
1149 2452 1237 2492 ecce-

124 2516 197 2592 det,
219 2518 343 2599 quijsm
364 2514 494 2596 primum
516 2536 532 2571 s
554 2534 601 2574 me
619 2512 760 2573 didicerit
778 2513 923 2573 lumbicus
943 2534 1008 2575 esse
1034 2514 1183 2576 trimetros
1195 2536 1238 2575 cx

121 2602 240 2663 Eubuli
260 2602 361 2661 sabula
386 2601 589 2660 Alectoribus.
639 2600 738 2658 Locus
760 2597 820 2659 hoc
847 2619 928 2659 exem
954 2598 983 2659 lo
1009 2594 1237 2659 constituendus

123 2696 183 2749 est.
229 2686 324 2769 Ομέν
344 2708 393 2749 τοι
403 2688 512 2758 Μίδας
530 2685 582 2746 καί
605 2688 667 2745 τῶν
688 2682 788 2763 μέσων
806 2678 905 2765 βόλων
921 2707 971 2764 ην.
1016 2684 1079 2746 Καί
1098 2682 1183 2751 ἄλλοι
1202 2683 1236 2750 δέ
1279 2730 1283 2739 -

120 2776 234 2837 πολλοί
249 2774 343 2848 εἰσιν,
367 2766 422 2844 οὓς
438 2764 579 2850 ὀνομάζει
594 2766 754 2848 Εὔβουλος
772 2768 805 2833 ἐν
816 2775 880 2842 τοῖς
896 2770 1081 2849 Κνβενσαῖς·

294 2851 487 2937 Κενσρωτός,
510 2849 605 2935 ίερός,
625 2848 701 2935 ἅρμ’
712 2848 905 2935 ὑπερβάλλον
916 2848 1027 2932 πόδας,

295 2936 454 3022 Κήρννος,
477 2936 629 3019 εὐδαίμων
638 2988 649 3017 ,
669 2943 824 3014 ιιονοίτος,
846 2936 950 3018 άρτια,

293 3022 460 3101 Λάκωνες,
481 3019 668 3104 άννίτενχος,
690 3019 826 3104 άργεῖος,
849 3018 988 3100 δάκνων,

298 3106 493 3191 Τιμόκριτος,
515 3108 672 3187 ἐλλείπων,
692 3110 855 3188 πναλίιης,
876 3109 1031 3185 ἐπίθεεος,

292 3192 462 3273 Σφάλλων,
483 3190 631 3298 ἐμάρτης,
652 3189 787 3275 οἶστρος,
810 3188 1032 3273 α’ναιιοίμπτων,
1053 3188 1176 3273 δορεδς,

291 3277 449 3362 Λάμπων,
470 3287 639 3354 κοκλοιπες,
661 3278 831 3358 ἐπιφέρων,
853 3274 966 3353 σόλων,
991 3282 1095 3357 σίμων.

121 3368 243 3430 Horum
258 3379 357 3429 sutem
369 3386 512 3427 versuum
526 3363 713 3443 ignoratione
726 3372 791 3422 tots
806 3364 855 3423 vie
869 3365 983 3423 erravit
992 3364 1119 3423 loannes
1132 3359 1233 3419 Meur-

65 3518 75 3527 ,
122 3456 209 3526 sins,
229 3456 282 3532 qui
302 3472 355 3513 eos
377 3471 480 3511 omnes
500 3450 699 3530 interjectus
721 3448 834 3509 medios
853 3457 1001 3511 recenset.
1044 3448 1157 3525 Nempe
1171 3465 1235 3504 non

120 3538 238 3601 Eubuli
252 3558 316 3597 esee
331 3538 443 3611 verbe,
465 3538 519 3596 sed
537 3534 687 3605 Pollucis:
710 3542 741 3593 et
757 3532 827 3612 quin
841 3534 936 3593 Midas
960 3534 1115 3593 emeterio
1133 3526 1233 3610 μέσον

120 3618 241 3706 βόλον,
262 3624 366 3683 itidem
379 3632 412 3681 et
422 3630 582 3700 sequentes
604 3640 668 3681 esse
693 3620 855 3679 arbitratus
876 3628 929 3679 est.
973 3618 1032 3679 Sed
1057 3636 1162 3696 perum
1187 3624 1234 3673 est
1356 3624 1361 3633 '

120 3708 340 3784 dubitationis,
370 3707 442 3786 quin
468 3706 540 3765 boni
565 3705 678 3765 suerint
699 3699 868 3785 Εὐδαίμων
892 3713 923 3763 et
942 3698 1020 3785 ἅρμ’
1042 3696 1233 3783 ὑπερβάλλον

118 3791 238 3868 πόδας,
261 3796 312 3872 qui
327 3794 467 3851 nimirum
480 3792 545 3851 eliis
556 3790 689 3871 jactibus
704 3799 789 3850 tanto
810 3790 953 3865 anteiret,
976 3797 1088 3867 quanto
1106 3786 1156 3866 qui
1176 3804 1232 3887 ρε-

120 3880 214 3940 dibus
224 3881 283 3939 iter
298 3880 428 3953 luceret,
449 3900 467 3936 e
489 3896 584 3936 curru
604 3877 793 3949 vinceretur3
814 3872 920 3950 πεζός,
943 3884 977 3933 ut
994 3874 1091 3949 aiunt,
1115 3870 1233 3934 ὁδενων

119 3963 207 4045 παρά
218 3960 338 4027 Λύδιον
352 3959 443 4044 άρμα.
485 3956 618 4025 Δάπνων
632 3970 733 4019 eutem
747 3970 778 4019 et
791 3954 936 4036 σφάλλων
960 3967 991 4020 et
1014 3958 1159 4020 ἐκλείπων
1172 3975 1232 4013 me·

121 4054 184 4111 rito
197 4051 308 4131 opinor
326 4068 383 4107 suo
401 4068 460 4129 pro
481 4047 651 4108 infelicibus
673 4046 778 4105 heberi
799 4054 937 4124 possunt.
981 4044 1042 4103 Sed
1066 4042 1104 4101 ed
1127 4042 1232 4100 Antio-

121 4136 264 4196 chensem
280 4135 387 4195 redeo:
413 4154 483 4194 nem
503 4154 573 4193 sero
592 4132 671 4192 senei
689 4132 776 4211 longe
796 4130 943 4210 longeque
963 4129 1130 4191 declinasse
1147 4144 1193 4186 me
1214 4146 1232 4183 u

121 4221 300 4303 proposito,
368 4274 374 4281 .

288 4304 412 4385 Singula
426 4304 499 4364 dum
513 4305 595 4385 capti
613 4302 886 4363 circumvectamur
904 4320 1015 4363 umore.
