2950 4817
589 252 814 346 EPlSTOhA.
874 288 880 300 ·
1065 216 1091 255 ι’
1178 283 1255 358 093

142 443 344 528 quaesiverit,
365 447 470 528 quiin
489 448 633 510 metucns
652 447 794 510 habuerit
811 446 1037 530 Alcmaeonem,
1059 457 1148 532 quem
1168 459 1253 514 antea

142 542 353 594 contortorum
375 533 515 612 anguium
536 544 567 596 et
588 533 759 596 ardentium
779 535 936 598 taedarum
958 537 1085 598 verbera
1104 558 1253 619 nusquam

141 619 306 679 consistere
325 627 521 698 paterentur,
552 619 861 699 aliquandotandem
883 621 1045 683 adranam
1069 631 1198 683 mentem
1220 624 1254 682 in
1270 623 1296 678 V
1312 621 1348 678 tr

141 701 295 782 Psophide
319 704 467 764 Arcadiae
492 704 627 767 rediisse.
685 703 832 766 Videatur
850 707 883 766 in
904 706 1059 768 Arundinis
1083 709 1254 770 Pausanias.

141 787 425 891 Apollodopumlib.
447 809 494 849 ιιι.
516 789 702 894 Αλιηραίοινα
732 787 766 852 di
788 795 937 896 ‘afflues
960 788 1096 874 Εριννᾶς
1120 797 1177 900 oqui
1199 817 1254 874 ρη-
1269 801 1350 858 019

140 874 458 1040 30ωᾶἔᾶιᾶ
471 876 1255 1046 littltrltll'etttlaluwini

141 1041 212 1115 θεὶς
235 1041 269 1106 di
289 1037 349 1106 ὑπ’
371 1039 471 1108 αᾶτοιῒ
490 1039 647 1126 Λρσινόην
666 1049 761 1126 γαμεῖ
773 1041 831 1124 την
853 1039 965 1110 τούτου
983 1045 1147 1129 θιηατέρα.
1188 1046 1253 1109 Jam

139 1129 244 1274 sponsu
255 1129 473 1191 emendandum
485 1150 547 1190 esse
568 1129 702 1209 Ψωφῖδα
717 1129 834 1209 syllaba
845 1130 979 1194 secunda
992 1131 1154 1213 producta.
1177 1125 1252 1195 osi-

160 1231 226 1272 tos:
632 1239 634 1246 ·

226 1297 328 1377 Usque
346 1298 403 1358 sub
415 1297 646 1376 Orchomenon,
673 1298 902 1379 Psophidaque,
924 1298 1138 1380 Cyllenenque.

139 1383 355 1444 Percommode
368 1393 469 1446 autem
481 1383 534 1444 hic
547 1385 634 1445 locus
645 1381 824 1464 Apollodori
837 1387 870 1447 in
882 1387 1058 1446 memoriam
1072 1383 1147 1445 mihi
1160 1384 1253 1447 alium

139 1468 264 1547 redigit,
283 1468 314 1528 iu
337 1468 414 1528 libro
434 1469 547 1548 primo,
577 1471 630 1548 qui
661 1469 746 1530 viros
773 1469 882 1530 doctos
900 1470 932 1528 in
952 1490 1086 1530 errorem
1107 1469 1252 1530 hactenus

139 1553 279 1614 induxitr
302 1553 444 1632 deinceps
461 1563 580 1630 tamen,
601 1554 646 1614 uti
665 1573 771 1632 spero,
793 1574 856 1614 uun
875 1555 975 1614 faciet.
1022 1549 1136 1628 Ἰνθεᾶς
1158 1551 1192 1616 di
1210 1550 1254 1628 ἄς

139 1659 236 1719 φησιν
250 1633 336 1717 dreis·
348 1641 560 1718 Aisuusouidc
577 1634 738 1720 γεγραφώς
751 1640 872 1712 κτείνας
888 1634 961 1712 eosic
976 1637 1122 1712 Μέλανος
1139 1640 1255 1714 παῖδας

137 1718 390 1805 ἐπιβουλεύοντας
408 1723 509 1797 Οἰνεῖ,
534 1722 638 1801 Φηνέα
652 1732 709 1782 etc.
755 1722 841 1795 Qrsae
862 1721 907 1783 sic
927 1722 1019 1782 latine
1041 1722 1187 1804 expressit
1207 1723 1252 1783 in·

137 1818 274 1889 terpresr
303 1808 334 1866 la
356 1809 410 1885 qui
433 1807 679 1867 Alcmaeonidem
705 1807 889 1883 tragoediam
911 1807 1045 1886 scripsit.
1093 1807 1253 1868 Hominem

137 1913 210 1952 sane
226 1892 399 1966 liberalem,
430 1892 484 1972 qui
505 1909 609 1952 vocem
631 1891 715 1952 illam
735 1891 932 1970 Tragoediam
954 1892 1081 1969 benigne
1106 1891 1194 1952 nobis
1213 1892 1253 1952 de

137 1997 196 2039 suo
209 1977 334 2055 largitus
350 1986 404 2038 est.
449 1977 560 2055 Atqui,
583 1977 609 2035 0
630 1976 724 2051 bone,
747 1976 914 2054 Ainunims
933 1997 967 2036 ea
983 1975 1169 2054 Tragoedia,
1190 1995 1254 2036 non

137 2059 326 2140 Αλιιμαιονὶς
344 2061 533 2136 inscribitur,
554 2070 590 2122 ut
607 2061 780 2136 Erotirnus,
801 2061 957 2133 Stoboeus,
981 2059 1162 2131 Priscianus,
1186 2059 1253 2120 alii-

135 2168 200 2228 que
214 2155 371 2207 testentur.
412 2146 511 2206 Sicuti
527 2155 626 2206 nutem
643 2145 785 2206 Philoclis
800 2144 923 2225 Tragici
942 2145 1100 2223 mtrelogia
1118 2145 1156 2205 de
1171 2144 1253 2205 Pan-

132 2233 229 2294 dione
251 2229 436 2306 Πανδιονὶς,
467 2240 558 2310 atque
577 2229 722 2310 Aeschyli
743 2229 781 2290 de
801 2229 909 2291 Oreste
933 2231 1077 2311 Opeoreiu
1100 2229 1251 2290 nominata

39 2387 42 2394 ,
132 2327 200 2391 τινες
219 2317 264 2376 lte
283 2315 349 2378 fieri
362 2325 464 2397 potest
478 2326 513 2376 ut
527 2315 687 2396 Euripides
708 2316 766 2374 tria
789 2314 926 2376 dramata
947 2313 986 2374 de
999 2315 1179 2375 Alcmaeone
1192 2333 1252 2394 pu-

131 2400 311 2478 blicaverit,
341 2419 402 2460 uun
419 2421 488 2460 cum
512 2409 621 2479 quarto
645 2401 785 2480 Satyrico
810 2398 980 2477 argumenti
1001 2399 1124 2461 omnino
1143 2399 1251 2460 alienis

134 2507 230 2569 quam
242 2487 391 2563 integram
410 2485 597 2563 tetralogiam
613 2484 831 2562 Αλνιμαιιονίθα
850 2491 1006 2546 vocarem.
1049 2482 1110 2544 Sed
1128 2493 1252 2564 oportet

132 2570 314 2654 Epicharmi
324 2570 404 2630 illud
416 2589 536 2650 semper
550 2569 661 2631 habeas
676 2569 708 2630 in
723 2579 889 2650 promptu,

305 2659 399 2734 Neine
413 2654 466 2718 καὶ
480 2649 612 2735 μένοντ’
635 2649 791 2718 ἀπιστεῖν·
813 2650 918 2736 ἄρθρα
932 2655 1028 2717 ταῦτα
1045 2654 1103 2716 τᾶν
1118 2654 1251 2733 φρενοῖν.

134 2741 321 2819 Quicunque
341 2742 420 2802 enim
440 2739 632 2802 humaniores
656 2738 712 2800 has
736 2739 837 2800 Musas
851 2739 946 2817 colit,
967 2755 1183 2818 saepenumero
1199 2757 1253 2801 soe

131 2831 180 2890 let
194 2845 252 2888 usu
265 2827 370 2888 venire
380 2836 416 2886 ut
1309 2822 1315 2834 “

305 2916 381 2997 Inep
390 2905 510 2982 ursides
525 2907 622 2974 πολλὰ
637 2907 732 2993 tipus·
746 2901 902 2988 ἐτύμοισιν
913 2901 1012 2986 ἄματα.

135 2996 293 3076 Siquidem
311 2997 370 3058 hae
389 2996 429 3058 de
446 2994 661 3058 Alcmaeonide
685 2993 889 3073 suspiciones,
919 2992 1001 3070 aegri
1024 2999 1096 3052 suut
1121 2988 1254 3062 smnio,

137 3082 251 3143 cumis
265 3082 421 3162 Scriptus,
444 3083 618 3160 quicunque
639 3079 760 3140 tandem
779 3078 888 3153 luerit,
910 3075 1028 3156 (neque
1051 3077 1130 3135 enim
1151 3075 1189 3133 de
1202 3093 1254 3132 ae-

136 3179 220 3244 tate,
242 3187 341 3246 neque
359 3166 397 3226 de
413 3166 511 3244 patria
526 3167 602 3241 viri,
624 3175 677 3224 aut
690 3165 812 3224 nomine
826 3162 986 3240 quicquam
997 3159 1096 3220 habco
1114 3177 1253 3236 comper·
1288 3170 1293 3174 ·

137 3251 229 3333 tum)
251 3250 418 3314 historicus
431 3251 489 3328 sit,
511 3271 572 3310 non
589 3249 732 3326 tragicus.
779 3250 806 3311 0
825 3243 860 3311 di
872 3241 931 3326 την
943 3244 1161 3325 Δαμαιονιθα
1178 3233 1253 3323 ypsi·

135 3352 206 3418 σφας
225 3337 338 3414 (verba
352 3346 424 3397 sunt
435 3335 590 3396 Strabonis
614 3335 667 3398 lib.
684 3336 757 3410 10.)
781 3331 907 3412 Ιιιαρίον
923 3333 980 3396 τοῦ
997 3323 1180 3409 Πηνελόπης
1194 3348 1253 3386 τια-

136 3420 212 3505 τρδς
232 3420 321 3498 νῑοᾶς
340 3419 487 3504 γενέσθαι
504 3415 565 3484 delo
584 3417 703 3493 Λλνζὲα
721 3416 775 3480 ani
794 3410 987 3480 Λευκάδιον.
1007 3414 1207 3478 δυναστεῦσαι
1221 3405 1253 3472 θ’

137 3508 176 3574 ἄν
189 3510 371 3593 Asuccuris
382 3499 510 3581 τούτους
523 3503 597 3585 μετὰ
609 3508 667 3570 τον·
686 3499 810 3587 πατρός.
852 3501 892 3562 Et
904 3499 1029 3580 quidem
1040 3493 1186 3577 Euripide
1200 3513 1254 3554 ve·

137 3594 260 3656 tuetior.
304 3592 489 3656 Scholiastss
509 3590 550 3650 sd
569 3591 706 3652 Orestem
731 3609 762 3653 v.
789 3591 881 3653 1000.
913 3588 1109 3650 Ανολονθεῖν
1129 3575 1254 3644 domii

96 3685 102 3696 '
137 3673 313 3760 Εᾶριιιίθης
333 3683 378 3762 τῷ
400 3672 686 3758 εηνΛλιιμαιωνίὸιι
705 3675 748 3751 (οι
767 3671 865 3732 scribe
887 3670 977 3732 etiam
990 3667 1073 3750 apud
1089 3661 1254 3763 Apollodq·

139 3784 228 3840 rum,
250 3783 311 3823 non
335 3765 382 3840 o.)
404 3755 583 3841 πεπονηκότι
603 3760 648 3834 εἰς
669 3755 707 3822 rol
730 3757 802 3840 usqi
820 3752 878 3837 τήν
895 3753 992 3840 ἄρνα,
1013 3753 1056 3828 οἷς
1077 3749 1254 3814 solaturu-

141 3867 209 3921 νιος
222 3847 241 3912 A
253 3839 467 3928 ιινκλογρᾶφος
480 3847 567 3926 φησί.
613 3838 788 3928 Φερεκύδης
811 3839 846 3906 di
866 3835 904 3904 osi
925 3833 1005 3904 καθ’
1025 3839 1138 3919 Equo&
1159 3832 1256 3916 μῆνίν

140 3951 221 4013 φησι
233 3929 291 4014 τήν
305 3930 385 4015 ἄρνα
399 3930 632 4012 ὑποβληθῆναι.
677 3928 697 3993 o‘
711 3927 745 3992 dd
759 3924 1048 4006 selenomantiae
1063 3915 1186 4004 γράψας
1198 3912 1254 4014 τᾶν
1271 3918 1297 3974 0
1315 3919 1350 3973 2⁰

141 4017 274 4096 τιοηιένα
293 4011 522 4101 κροσαγιηᾶντα
542 4011 577 4080 sd
588 4015 733 4097 nospuiou
752 4018 798 4096 τρῖ
811 4017 908 4094 Arses
917 4006 1126 4074 ἄντατεοταλεῖ·
1171 3999 1255 4076 Quld

141 4103 201 4166 tihi
225 4105 324 4166 diuam
343 4103 540 4182 depravatum
559 4100 634 4164 mihi
666 4099 763 4160 videri
782 4097 911 4158 verbum
938 4095 1017 4156 iilud
1047 4083 1254 4174 postremum?

142 4192 216 4272 χροῒ
232 4191 312 4252 enim
334 4190 445 4267 δῆλον,
471 4184 506 4253 τό
526 4192 583 4250 τοῦ
599 4182 785 4267 Φερενᾶθον.
806 4182 866 4260 leg.
888 4187 1022 4245 Ανταῖον
1043 4173 1192 4242 inueniri
1204 4168 1255 4228 vel

143 4277 325 4359 Αντανδρον
344 4277 438 4340 nulsi-
448 4274 499 4338 vel
518 4277 678 4354 Αντιφον,
705 4270 756 4332 vel
781 4267 879 4330 umile
898 4265 1072 4348 quippiam,
1099 4277 1168 4320 cum
1192 4255 1256 4316 sine
