2950 4817
489 304 849 376 ANNOTATIONFS.
1105 377 1109 384 ,
1143 315 1221 393 565

110 478 295 540 meusnortis
307 499 414 558 gessere
427 481 593 556 incertum,
615 479 817 542 dubitandum
834 503 896 544 non
908 492 970 558 est,
988 485 1135 548 necerim
1152 507 1222 548 eum
1318 533 1321 536 -

108 583 245 644 unquam
260 565 331 628 inde
343 578 517 628 revocatum
533 567 671 644 legimus.
713 569 791 628 Vide
801 568 922 650 loseph.
936 572 1084 652 Antiquit
1099 573 1152 633 lib.
1168 578 1220 642 18.

196 671 268 748 Pug-
292 669 366 736 240.
389 675 420 736 7.
443 671 573 752 Μαρτίῳ
589 663 644 750 κγ’,
666 672 721 749 τῆς
735 665 863 750 σελήνης
875 666 1002 752 ἐχούσης
1016 671 1133 754 ἡμέραν
1147 669 1219 756 κμ’.]

106 749 276 828 cedrenus,
299 764 330 813 et
347 754 418 816 Chr.
435 755 579 817 Alexand.
598 757 730 829 Auctor,
752 756 943 816 Salvatorem
965 769 1101 820 nostrum
1120 759 1220 819 Martii

104 855 198 896 xxm.
219 837 414 910 crucifixum,
446 860 519 904 xxv.
540 859 612 898 vero
634 841 855 917 resurrexisse,
884 851 973 902 etex
996 848 1219 924 consequentia,

104 940 184 980 xxn.
205 942 222 979 a
242 923 317 982 Jnda
339 925 509 1004 proditum,
542 925 665 985 volunt:
702 936 808 985 noster
830 936 930 987 tamen
952 926 1061 988 herum
1082 949 1220 1006 numero,

103 1003 184 1064 diem
201 1005 291 1104 alium
315 1009 348 1069 in
363 1010 410 1070 bis
433 1007 571 1071 omnibus
591 1009 694 1070 addit:
725 1011 758 1070 in
777 1012 866 1073 lunae
883 1021 1000 1074 tantum
1016 1013 1065 1075 die
1086 1033 1156 1075 eum
1176 1016 1219 1076 eis

103 1109 297 1154 conveniens.

193 1195 268 1274 Peg.
292 1194 364 1262 240.
388 1200 438 1262 11.
468 1198 510 1279 τῇ
525 1189 587 1278 sepsi
607 1191 647 1276 η’.
669 1198 830 1260 καλανδῶν
848 1198 1050 1278 Aemiliam]
1077 1199 1136 1260 Hic
1156 1221 1220 1263 nen

14 1345 15 1352 ρ
102 1270 161 1336 sihi
179 1289 295 1338 constat
316 1282 444 1339 Auctor:
475 1301 541 1345 vnr.
561 1281 641 1341 enim
666 1282 813 1341 calendas
830 1281 949 1365 Apriles
964 1284 1089 1363 incidit,
1112 1307 1172 1346 non
1186 1289 1219 1349 in

101 1359 204 1422 Martii
223 1383 313 1424 xxiv.
340 1365 392 1423 scd
411 1385 486 1428 xxv.
538 1365 629 1439 Quod
652 1367 731 1427 enim
751 1369 877 1427 Ronrsni
900 1380 1123 1449 computantes,
1148 1392 1219 1434 vni.

102 1445 250 1506 calendas
273 1448 436 1534 (subaudi,
461 1447 559 1532 enta)
589 1451 723 1532 Apriles,
752 1449 873 1530 dicunt,
897 1455 1005 1512 Graeci
1023 1454 1219 1534 recentiores,

100 1536 143 1613 nt
156 1527 216 1614 πρό
231 1527 270 1612 η’.
288 1536 448 1596 καλανδῶν
463 1537 655 1614 Απριλλίων,
682 1537 819 1601 efferunt.
861 1537 907 1598 lta
926 1539 1017 1597 etiem
1032 1540 1148 1600 Auctor
1163 1563 1218 1600 no-

101 1626 167 1676 ster
186 1636 294 1698 supra,
318 1617 428 1678 Christi
448 1620 634 1680 nativitatem
660 1624 831 1702 assignans,
859 1627 899 1708 τῇ
917 1620 977 1703 πρό
997 1617 1037 1704 η’.
1058 1628 1218 1687 καλανδῶν

101 1705 309 1786 iuvenentur,
332 1704 406 1785 μηνὶ
430 1707 607 1788 Δεκεμβρίῳ
626 1702 677 1769 κε’.
698 1706 738 1767 ad
757 1705 1004 1782 coisnanus,
1025 1707 1138 1790 idest,
1160 1713 1218 1772 De-

100 1786 229 1847 cembris
245 1809 320 1849 xxv.
339 1811 402 1851 earn
417 1790 529 1869 penit3'
540 1795 632 1852 recte.

189 1892 262 1971 Peg·
284 1889 358 1956 240.
381 1895 432 1956 20.
466 1887 558 1953 otton
572 1895 634 1953 suiv
653 1889 850 1974 ἐγνωσμένων
862 1886 1029 1976 πρότερον]
1049 1890 1142 1956 πλίον
1156 1891 1218 1955 hoe

99 1973 173 2033 loce
197 1975 356 2038 redundat.
412 1977 568 2044 Caeterum
590 1975 656 2056 ipsa
677 1976 850 2054 Phlegontis
875 1978 968 2038 verba
990 1997 1052 2038 nen
1073 1978 1219 2058 producit

99 2063 216 2118 Auctor
231 2069 350 2134 noster,
373 2079 449 2137 quse
464 2069 563 2120 tamen
576 2057 669 2120 babes
683 2063 764 2140 apud
783 2061 943 2132 Eusebium
957 2061 1102 2124 Chronic.
1114 2063 1167 2127 lib.
1187 2071 1215 2134 t.
1345 2129 1350 2134 ,

100 2145 178 2202 Cum
191 2152 291 2203 tamen
308 2143 357 2202 alii
375 2142 570 2220 Phlegontem
582 2143 665 2204 hune
679 2146 864 2207 Trallianum
877 2146 1039 2228 appellent.
1061 2147 1142 2207 unde
1155 2150 1217 2210 tto·

98 2239 166 2288 stro
183 2227 372 2288 Atheniensis
390 2229 490 2289 dietus
507 2239 570 2304 est3
600 2229 796 2310 Phlegontem
812 2235 890 2292 enim
903 2233 1000 2308 illum,
1023 2233 1077 2311 qui
1091 2232 1216 2294 Hadria-

97 2313 133 2373 ni
148 2313 278 2374 libertus
293 2323 365 2390 erat,
389 2313 442 2392 qui
458 2313 678 2394 Olympionica,
701 2325 730 2376 et
751 2315 900 2376 Chronica
916 2316 1049 2398 scripsit,
1070 2314 1133 2376 hec
1144 2317 1215 2380 lecu

96 2398 268 2477 intelligere
284 2419 361 2476 eum,
383 2419 446 2459 non
460 2410 506 2460 est
520 2397 604 2479 qnod
618 2399 802 2460 dubitemus.

188 2505 262 2582 Peg.
283 2507 357 2566 241.
381 2504 410 2564 9.
442 2497 573 2585 ὖκατείμ
592 2504 780 2564 Σουλπικίου
794 2499 848 2565 καί
862 2499 973 2582 Zoilo]
997 2503 1063 2569 Ser.
1084 2507 1216 2569 Σαλλσῦ.

96 2584 268 2665 Sulpicium
284 2584 420 2661 Galbam,
444 2594 475 2645 et
489 2586 602 2666 Syllam
617 2586 700 2649 Coss.
717 2585 830 2647 habent
844 2595 876 2646 et
889 2585 959 2646 Chr.
976 2588 1064 2648 Alex.
1075 2596 1106 2651 st
1121 2590 1215 2664 Euse-

95 2670 185 2744 bios;
205 2671 259 2732 sed
273 2671 312 2731 ad
324 2689 436 2733 annum
449 2691 518 2732 xix.
533 2670 657 2750 Tiberii,
678 2691 757 2734 anno
772 2672 839 2735 soil.
854 2669 968 2732 Christi
981 2674 1151 2753 passionem
1165 2695 1213 2737 ss-

95 2765 265 2920 qumlssag.
285 2843 357 2906 243.
387 2844 418 2905 1.
440 2838 473 2903 ts
483 2843 528 2924 τῷ
539 2840 702 2928 παλατίῳ,]
724 2839 792 2902 Imo
803 2841 838 2902 in
849 2840 923 2905 villa
936 2842 1113 2904 Luculliana
1128 2863 1213 2906 mer·

95 2935 161 2988 tem
178 2926 268 3002 obiit,
289 2933 366 2986 teste
380 2927 533 2986 Suetonio.

183 3014 264 3091 Peg.
285 3009 358 3092 2432
380 3017 410 3078 2.
442 3006 487 3074 oin
500 3010 649 3074 ἐνιαυτῶν
664 3001 738 3090 οη’.]
758 3010 803 3070 lta
815 3011 905 3074 etism
919 3011 1093 3074 Suetonius.
1137 3013 1213 3074 Cor·

95 3095 257 3174 rigandum
276 3095 380 3174 itaque
395 3094 468 3158 Chr.
485 3097 573 3160 Alex.
587 3096 640 3158 ubi
656 3093 733 3156 haee
746 3098 813 3178 ipss
827 3117 868 3158 ex
878 3109 993 3175 nostre,
1014 3106 1160 3180 corrupte
1173 3099 1213 3158 li-

96 3190 157 3258 cet,
178 3181 337 3260 desumpta
351 3179 453 3245 habes.

186 3265 263 3348 Peg.
288 3265 359 3332 248.
381 3266 411 3330 4.
444 3265 635 3347 ἐβασίλευσεν
656 3265 759 3340 Ηλίος
778 3260 890 3347 Γαῖος]
911 3265 1047 3345 Helium,
1068 3265 1135 3329 sire
1149 3263 1213 3328 As-

95 3352 186 3428 lium,
209 3351 324 3412 dictum
340 3349 503 3431 Caligulam
516 3350 626 3412 nullibi
640 3351 769 3412 invenio.

187 3457 261 3534 Peg.
284 3457 358 3518 243.
379 3458 410 3518 7.
439 3451 714 3532 ἐκίτῆςοίκατείας
728 3447 911 3514 silicerni
923 3449 1119 3530 Νοννιανοῦ]
1138 3450 1211 3512 eat-

96 3541 165 3600 lum
176 3548 206 3600 et
223 3539 393 3598 Nonianum
410 3537 532 3616 quidem
546 3539 628 3598 Coss.
643 3538 766 3598 invenie
789 3536 872 3616 apud
889 3534 957 3600 Chr.
975 3537 1060 3597 Alex.
1071 3546 1103 3596 et
1114 3537 1208 3596 Ense-

95 3625 182 3685 bium
196 3626 299 3684 etism:
321 3623 374 3684 sed
386 3623 427 3683 sd
441 3643 552 3684 annum
566 3623 679 3684 Tiberii
694 3643 761 3684 xxr.
778 3620 900 3683 biennio
915 3622 1034 3682 seilicet
1046 3629 1117 3682 ante
1131 3621 1210 3681 catt-

119 3708 199 3769 nlsm
215 3711 258 3770 lm
283 3753 290 3768 .

95 3729 118 3788 g
184 3729 280 3855 Ibid.p
306 3785 472 3872 ἐκράτησεν
485 3789 509 3872 ri
523 3791 661 3874 ducatrice
674 3785 771 3855 αὐτοῦ
785 3790 837 3872 ira
852 3785 891 3868 d‘,
922 3790 975 3855 nul
988 3793 1088 3871 μηνᾶς
1102 3783 1208 3864 tart]

94 3879 262 3958 imperarit
274 3880 364 3938 Caius
379 3878 512 3956 Caligula
526 3877 667 3955 triennio,
679 3887 710 3940 et
722 3897 757 3938 x.
771 3875 935 3956 mensibus,
955 3875 1124 3958 diebusque
1138 3894 1209 3938 rur.

94 3964 143 4024 nti
156 3971 285 4026 testatur
301 3963 476 4042 Suetonius,
497 3963 624 4036 Ἠλεί).

185 4047 260 4131 Peg.
282 4049 355 4116 248.
376 4055 406 4116 9.
440 4046 586 4133 edypoue]
607 4047 724 4110 Pallida
739 4047 841 4109 colere
859 4047 952 4108 fuisse
971 4047 1013 4109 eit
1028 4043 1205 4120 Suetonius,

98 4134 155 4214 qui
170 4135 260 4196 etiam
274 4135 493 4210 characterem,
512 4143 650 4195 anostra
666 4135 755 4214 longe
768 4134 933 4210 dissum,
956 4130 1112 4193 eitribuit.

185 4223 263 4300 Peg.
276 4218 347 4285 243.
361 4223 409 4286 16.
419 4220 549 4299 πλησίον
559 4224 617 4282 τοῦ
629 4217 722 4302 ὄρους
735 4221 830 4282 Γαίου
838 4216 1006 4300 Καίσαρος]
1019 4218 1117 4295 Prope
1123 4233 1207 4274 meu·

99 4314 162 4366 tem
176 4307 212 4369 C.
228 4305 377 4380 Gessuis3
402 4303 434 4368 id
458 4315 505 4369 est
517 4304 610 4389 juxta,
620 4325 684 4368 cam
702 4304 812 4368 montis
826 4312 962 4388 partem,
991 4299 1045 4361 ubi
1056 4300 1083 4360 l.
1097 4301 1207 4361 Caesar
