2950 4817
623 356 630 379 .
704 256 926 327 nunruuss·

570 434 653 496 Clam
666 432 878 516 divisnimi’†
901 430 1006 495 ‹loctu’
1020 428 1218 495 emmenum

662 519 703 588 †)
726 517 770 572 val
785 515 854 573 catu’
870 515 958 571 ‹loctu'

572 607 719 687 Clepsioaa
734 605 824 682 dolo,
840 624 1012 687 poenasque
1029 605 1098 668 lori
1132 657 1135 661 .

569 692 656 753 Furti
671 690 851 774 expendisse
865 712 1015 771 supremo.

257 778 299 839 Ut
310 778 350 839 ad
364 774 566 859 Porphyrium
579 788 733 851 revertam
753 776 830 836 illud
850 779 1046 857 utiquencire
1062 776 1169 856 cupio,
1191 795 1258 855 qno
1272 785 1385 834 ancto-

257 884 293 925 re
307 868 355 927 vir
366 864 520 925 Illustriaa.
534 862 721 947 ταυροδέιρφ
735 868 886 941 πραθεῖσα
906 862 944 922 de
968 862 1226 941 conglutinatione
1251 881 1384 940 accepe·

259 950 311 1009 rit.
353 950 429 1010 Nam
444 954 609 1030 κραθεῖσα,
632 949 687 1009 nisi
703 946 802 1007 omnis
815 968 863 1007 me
877 946 1001 1023 fallunt,
1025 958 1071 1007 eat
1082 947 1235 1027 permixta
1251 948 1285 1007 et
1300 958 1383 1007 tem-

259 1043 383 1117 perate,
419 1054 481 1093 non
512 1033 674 1112 conjuncta
702 1041 733 1092 et
761 1042 933 1114 compactas
961 1027 1163 1115 ταυρὸδειρον
1191 1040 1315 1104 autem,
1346 1042 1383 1089 ut

258 1120 411 1201 principio
430 1119 508 1195 dixi,
535 1120 626 1199 plane
646 1117 820 1180 barbarum.
872 1116 954 1191 Quin
972 1127 1004 1179 et
1017 1113 1199 1194 ταυρόᾶετος
1218 1138 1288 1187 non
1303 1118 1380 1177 alibi

259 1204 395 1284 reperi03
424 1224 523 1283 neque
541 1224 615 1263 vero
637 1204 789 1282 intelligo,
819 1202 872 1283 qui
895 1203 1051 1263 commode
1073 1202 1134 1262 dici
1160 1204 1291 1281 poterit.
1338 1204 1381 1261 Ut

261 1288 435 1363 ἆλυσέδετος
449 1299 495 1349 est
508 1283 614 1351 ἆλύσει
625 1290 744 1363 δεθεὶς,
765 1282 927 1370 κηρόδιιος
947 1293 1033 1372 κηρῷ
1055 1297 1085 1347 et
1101 1288 1189 1366 sique
1205 1297 1286 1347 aunt
1305 1288 1381 1347 ulie:

261 1374 306 1434 sic
321 1384 352 1434 et
365 1371 543 1450 ταυρόδειος
556 1375 649 1435 luerit
660 1370 762 1459 ταύρῳ
779 1370 950 1454 δεδεμένος,
975 1374 1079 1453 [tauro
1094 1383 1298 1453 compactus,
1322 1395 1381 1433 non

261 1460 378 1538 glutino
393 1461 541 1538 taurino]
568 1455 659 1519 'Nam
678 1461 746 1539 quis
764 1458 888 1518 obsecro
910 1462 1024 1538 ταῦρον
1045 1460 1206 1537 usurparit
1231 1454 1310 1519 ἀντὶ
1330 1464 1382 1536 τῆς

260 1540 487 1621 παυροιιόλλαςὲ
507 1545 647 1603 Demiror
665 1554 766 1603 temen
785 1544 866 1603 unde
884 1542 936 1602 illa
956 1543 990 1601 in
1004 1540 1165 1622 Porphyrii
1194 1552 1225 1602 et
1243 1544 1381 1603 Erotiani

262 1630 382 1689 codices
397 1630 582 1709 irrepserint
624 1628 715 1688 Haud
729 1649 801 1687 anne
813 1637 924 1687 temere
935 1626 968 1685 id
980 1628 1094 1688 factum
1107 1626 1253 1690 videturz
1281 1630 1381 1709 itaque
1442 1644 1443 1729 ρ

262 1714 367 1775 haeret
385 1714 459 1774 haee
478 1736 542 1790 res;
570 1726 671 1792 neque
694 1723 835 1793 prompte
858 1712 1002 1791 expedire
1027 1731 1160 1791 possum.
1212 1714 1264 1775 Ne
1286 1722 1380 1773 tanreu
1442 1734 1443 1759 ι

262 1794 436 1881 ἀσύμβολος
454 1798 516 1858 huc
538 1800 674 1875 veniam3
698 1799 796 1857 donec
816 1796 931 1877 aliquid
951 1796 1059 1858 melius
1079 1798 1252 1875 succurrit,
1276 1820 1380 1860 censeo

262 1896 298 1943 ut
310 1883 479 1965 ταυροδέτοο
492 1884 531 1943 de
545 1884 644 1945 medio
661 1884 832 1943 auferatur:
857 1886 945 1963 (cum
958 1883 1022 1942 sins
1035 1902 1070 1941 eo
1094 1883 1184 1963 plena
1202 1885 1244 1959 sit
1261 1896 1379 1945 senten·
1442 1906 1443 1969 ρ

261 1970 321 2043 tia,
346 1974 390 2051 τῷ
410 1974 594 2049 enuntietur
618 1966 736 2053 ὄρρος,
770 1988 809 2030 ax
828 1966 989 2029 Homerico
1011 1968 1086 2046 isto,
1108 1977 1144 2027 ut
1161 1966 1311 2049 ridetur,
1331 1970 1378 2031 ad-
1442 1974 1443 2001 l

261 2056 414 2116 umbrata·
1442 2058 1443 2071 ³

406 2100 416 2135 ³
431 2134 586 2217 Κολληιές
598 2132 629 2201 δ’
647 2136 786 2219 ἐπέθηκα
799 2134 899 2219 θύρας
913 2140 1051 2211 πυκινῶς
1062 2130 1222 2219 ἅραρυέας.
1442 2204 1443 2211 ¹

263 2222 362 2303 Atque
382 2224 443 2284 hoc
463 2234 553 2304 pacto
578 2219 668 2305 βάσις
691 2225 749 2284 ista
776 2218 995 2302 circumuenti,
1029 2242 1136 2283 vernus
1156 2224 1309 2286 videlicet
1328 2228 1378 2305 qni
1442 2258 1443 2289 3

261 2310 485 2389 paroemiacum
505 2310 672 2386 antecedit,
693 2318 917 2369 monometrum
930 2309 997 2367 erit
1017 2309 1236 2386 acatalectnm3
1262 2321 1298 2370 nt
1312 2332 1377 2391 pro-
1442 2306 1443 2339 ⁴

261 2395 341 2453 fecto
363 2397 542 2475 plerumque
564 2406 622 2471 est,
653 2396 736 2457 etin
759 2394 820 2454 lroc
840 2394 908 2475 ipso
932 2393 1055 2474 quidem
1075 2393 1145 2454 loco
1167 2395 1242 2475 plus
1260 2394 1375 2481 semel.)
1442 2402 1443 2467 ζ

262 2479 386 2542 Caetera
401 2491 502 2541 autem
520 2501 614 2561 porro
630 2480 675 2539 sic
687 2480 841 2557 legentur:
1442 2484 1443 2495 ¹

426 2570 502 2628 Ηκω
519 2564 648 2639 ζαθέους
661 2562 756 2637 enode
769 2560 928 2647 προλιπών

429 2646 486 2725 Οἷς
503 2644 673 2733 αὐθιγενής
683 2658 837 2730 τμηθεῖσα
851 2644 964 2721 dornale
979 2664 983 2674 ·

428 2733 583 2817 Σιεγανᾶς
594 2734 717 2841 παρέρα
731 2733 884 2818 Χαλύβων
897 2730 1027 2809 πελέκει,

428 2820 669 2899 nationum

428 2912 573 2980 Αιρικεῖς
584 2902 684 2984 ἄρσας
696 2900 896 2980 κυπάρισσος.

429 2988 550 3049 Adsum
565 3013 586 3049 α
598 2992 712 3051 sanctia
726 2984 861 3073 templis,
882 2986 1002 3049 ualidas

434 3072 549 3150 (luibae
563 3073 704 3155 indigena
716 3092 759 3136 eat
774 3090 856 3137 suein
872 3096 1023 3153 cupressus

430 3157 576 3219 Praebere
587 3159 701 3238 trudes,
723 3184 810 3222 caeso
827 3161 923 3222 securi

433 3239 618 3324 Chalybum,
639 3259 728 3329 atque
746 3260 847 3307 erotus

434 3326 597 3411 Compages
609 3328 724 3411 glutine
733 3333 844 3393 vinctu.

265 3409 347 3470 Alibi
364 3412 452 3472 nimia
477 3427 660 3495 occupatum
680 3415 788 3476 habuit
806 3415 939 3477 extimum
958 3412 976 3478 ἆ
993 3410 1092 3491 πάνυ,
1116 3434 1186 3475 enm
1205 3412 1286 3473 illud
1309 3414 1377 3490 δρῦς

266 3497 554 3562 comminisceretur.
582 3502 644 3559 Cur
656 3502 735 3561 enim
749 3520 879 3580 quercus
893 3510 1055 3561 vocaretur
1067 3493 1264 3581 αὕθιγονήςὲ
1288 3499 1376 3577 quid?

263 3600 327 3639 non
341 3583 413 3643 alibi
429 3593 490 3643 tam
508 3584 649 3664 frequens
664 3607 755 3665 quam
777 3587 808 3646 iu
826 3588 913 3647 Creta
936 3586 1137 3646 nascebatur?
1159 3586 1222 3663 ligo
1234 3604 1326 3661 vero,
1347 3596 1377 3644 ut

262 3664 395 3745 primum
414 3670 510 3729 oculis
525 3672 653 3731 verbum
668 3671 746 3731 illud
763 3674 890 3749 agnovi,
915 3672 1060 3731 continuo
1076 3670 1267 3751 deprehendi
1282 3666 1377 3731 κυπέ-

263 3770 368 3831 ρισσος
390 3774 408 3811 a
427 3766 517 3833 poeta
540 3757 689 3837 scriptum
713 3776 860 3817 essenon
885 3759 1085 3839 κυπαρίσσου.
1128 3757 1201 3815 llam
1223 3756 1305 3815 enim
1318 3756 1378 3814 illic

263 3837 455 3898 memineram
472 3861 535 3901 esse
551 3862 624 3903 rere
648 3836 815 3925 αὖθιγενῆ,
838 3852 869 3905 et
888 3844 1034 3903 Creticam
1050 3852 1214 3923 propterea
1233 3842 1379 3922 appellari

263 3944 280 3979 n
305 3922 486 3984 Plutarcho:
508 3930 541 3987 H
564 3923 718 4007 Ισθμιιιήν
738 3928 830 3990 πίτυν
853 3924 876 4010 ἢ
896 3925 1052 4013 Κρητικὴν
1069 3920 1281 4009 κυπάρισσον·
1305 3928 1379 3987 sicut

165 4008 191 4060 0
213 4007 296 4071 fiel
310 4007 447 4088 Idaeam,
469 4034 487 4069 a
501 4012 652 4073 Nicandro
669 4024 701 4074 et
717 4013 859 4091 Virgilio:
1114 4066 1118 4079 .

371 4147 375 4159 .
427 4094 592 4178 Σπέρμαια
606 4094 801 4179 βουπλσύρσυ
815 4122 847 4161 τε
862 4096 914 4160 καὶ
929 4098 1034 4177 Ιδαίης
1045 4096 1245 4178 κυπαρίσσου.

321 4243 324 4248 ,
429 4182 491 4242 Nec
506 4184 591 4243 salici
607 4185 734 4264 lotoque
748 4204 847 4264 neque
861 4182 958 4242 ldaeis
976 4181 1150 4261 cyparissis.
1216 4238 1221 4249 ,

353 4268 468 4331 Plinius
482 4274 616 4336 xv1.¹33.
629 4270 670 4333 da
685 4270 988 4351 cupreaao'loqueus;
1009 4264 1111 4346 Huc,
1124 4268 1186 4345 ait,
1208 4266 1317 4329 Patria
1330 4269 1374 4329 ἰα-
