2950 4817
518 258 746 334 aeternus
1107 275 1189 359 '753

75 426 212 487 entium
227 428 498 509 plausussecundo
513 456 636 501 minare
648 439 796 520 ingredi?
819 444 866 505 Tu
886 466 973 520 vero,
999 459 1032 511 ut
1050 453 1189 533 polliceri

75 515 101 569 te
118 523 152 573 te
168 534 315 591 possum,
336 519 428 579 socies
448 520 483 579 id
503 523 625 597 sedu103
647 527 829 607 simulatque
853 534 945 593 exibit
965 536 1083 599 Novmn
1103 550 1188 603 tuurn

75 598 316 676 .'estainentum,
336 604 398 683 jam
410 604 475 664 iere
496 607 536 665 ad
552 610 733 681 umbilicum
748 633 844 693 usque
864 620 1054 695 perductum:
1078 646 1137 705 quo
1152 628 1186 687 in

75 703 182 759 pere,
205 686 265 745 nisi
279 707 404 749 vererer
417 710 520 754 coram
535 693 568 753 in
583 716 617 755 os
635 706 665 755 te
680 698 820 775 laudare,
842 700 974 763 dicerem
991 728 1080 785 quom
1094 712 1185 789 longo

75 770 234 829 ntervallo
259 771 387 833 aliorum
411 778 543 838 onmium
560 782 594 839 in
617 802 651 841 eo
668 802 776 859 genere
790 785 908 849 labores
927 801 997 871 post
1011 801 1041 853 te
1054 795 1185 874 relique-

77 852 115 912 is.
163 857 212 917 Ea
231 856 387 935 Typorurn
409 862 553 939 elegantia
571 873 619 925 est
638 876 669 925 et
689 868 926 947 magtiificentia3
954 895 986 935 ea
1004 875 1183 939 inAisnota-

75 937 205 999 ionibus
224 943 356 1001 eruditio
378 944 489 1021 elucet,
510 948 542 1007 in
565 948 662 1009 Variis
677 951 868 1017 Lectionibus
884 957 1047 1020 industria:
1070 966 1183 1044 quippe

78 1024 181 1083 tenim
215 1024 255 1083 ad
284 1048 349 1087 eam
376 1030 493 1109 copiam
519 1036 754 1113 comparandam
783 1037 881 1100 orionis
905 1047 933 1102 S.
963 1046 1085 1105 Petrum
1111 1054 1182 1109 scri-

75 1118 134 1181 tta,
167 1130 273 1170 omnes
295 1114 434 1191 antiquas
459 1117 635 1190 versiones,
666 1131 696 1181 et
722 1122 869 1185 infinitam
893 1129 954 1187 vim
981 1130 1073 1191 Codd.
1098 1132 1180 1195 MSS.

79 1194 189 1253 uriose
213 1198 379 1258 excussisti.
429 1201 590 1262 Enimvero
613 1204 688 1265 mibi
705 1208 893 1269 stomachum
912 1212 1038 1273 subinde
1056 1228 1180 1278 movent

75 1279 202 1355 niperiti
214 1270 335 1358 quidam
349 1283 486 1346 homines
498 1298 528 1347 et
540 1288 625 1347 nullo
642 1310 699 1350 usu
712 1292 860 1353 bonorum
872 1297 1026 1359 literarum
1042 1302 1180 1379 praediti,

75 1364 118 1439 qui
133 1386 256 1425 omnem
274 1389 413 1447 operam,
435 1392 513 1450 quae
530 1373 562 1430 in
582 1374 673 1433 variis
686 1376 867 1439 lectionibus
884 1382 1056 1461 colligendis
1067 1384 1180 1463 impen-

75 1448 165 1522 litnr,
197 1462 250 1511 aut
272 1453 408 1513 inutilem
434 1476 499 1515 asse
524 1457 694 1517 existiment
721 1472 774 1521 aut
801 1464 948 1525 Ecclesiae
971 1469 1179 1545 periculosam.

75 1535 179 1593 iorum
196 1556 252 1612 ego
264 1556 430 1610 sermones,
454 1560 625 1617 quanquam
645 1542 764 1622 indigni
783 1558 853 1607 sunt
876 1569 1001 1627 quorum
1022 1554 1081 1611 ulla
1100 1557 1177 1613 ratio

75 1619 233 1693 labentur,
254 1639 317 1678 uno
331 1621 363 1679 in
380 1625 547 1699 praeseutia
566 1629 704 1706 exemplo
715 1625 891 1691 retundam:
912 1655 973 1711 quo
986 1638 1177 1716 perspicuum

75 1704 122 1760 rit
138 1705 255 1763 minuta
272 1706 419 1781 quaedem
438 1718 468 1766 et
487 1709 584 1787 prima
606 1712 710 1788 utique
732 1718 830 1792 specie
844 1716 993 1781 levissima
1012 1743 1100 1800 posse
1113 1744 1177 1783 nia-

75 1808 137 1861 gnas
153 1788 349 1850 difficultates
368 1792 521 1870 expedire.
566 1794 666 1853 Locus
686 1805 731 1854 eat
747 1800 817 1879 Cap.
838 1820 881 1861 rr.
903 1803 935 1861 in
957 1806 1013 1883 Ep.
1032 1807 1071 1865 ad
1087 1808 1176 1867 Gala-

77 1895 131 1945 as,
154 1874 208 1950 spui
226 1875 263 1931 ab
278 1874 400 1934 ineunte
412 1878 476 1934 fere
493 1875 719 1937 christianismo
734 1902 833 1961 usque
854 1884 893 1943 ad
907 1884 986 1948 hano
1001 1895 1175 1952 memoriam

75 1956 257 2017 lectissimos
271 1961 351 2019 viros
369 1960 512 2024 exercuit.
557 1968 608 2027 29„
638 1962 805 2047 Γέγραπται
825 1965 881 2050 yolo
905 1964 951 2033 ὅτι
965 1972 1095 2055 Αβραιίμ
1116 1973 1173 2039 δύο

75 2040 154 2116 riade
176 2043 276 2121 ἔσχεν·
313 2043 367 2105 ἕνα
387 2044 420 2106 ἐκ
437 2038 503 2124 ’τῆς
523 2047 699 2127 παιδίσκης,
725 2050 979 2135 subductionis
1004 2058 1172 2141 ἐλευθέρας.
1273 2126 1276 2131 ,

75 2130 120 2191 δ3.
140 2122 258 2190 Αλλ’δ
280 2124 336 2207 μὲν
355 2128 391 2191 ἐκ
412 2134 468 2208 τῆς
487 2133 664 2210 παιδίσκης,
685 2132 761 2195 κατὰ
783 2132 879 2217 σοὶρκα
898 2140 1084 2221 γεγέννηται·
1106 2143 1173 2207 o‘tt

75 2215 100 2271 bs
120 2216 175 2290 τῆς
196 2213 375 2320 ἐλευθέρας,
397 2212 448 2275 doci
469 2219 524 2293 τῆς
542 2216 726 2296 ἐπαγγελίας.
774 2221 825 2287 24.
854 2220 951 2285 Ατινυί
977 2225 1057 2289 ἐστιν
1084 2222 1172 2308 α’λλη.

75 2292 252 2376 ιοροιίμενα·
274 2322 364 2360 νυται
375 2293 433 2381 γοίρ
449 2299 525 2362 εἰσιν
543 2302 578 2361 oi
590 2297 648 2363 δύο
662 2303 829 2384 διαθῆκαι·
851 2307 904 2385 μία
923 2305 979 2387 μὲν
999 2304 1059 2373 οἷπὸ
1081 2308 1172 2392 ὅρους

75 2386 157 2457 Serri,
179 2383 221 2455 είς
237 2384 377 2447 δουλείαν
396 2388 542 2465 γεννῶσα,
563 2382 630 2464 ἥτις
645 2385 726 2450 ἐστὶν
742 2398 836 2495 Αγοιρ.
880 2392 930 2455 25.
958 2390 998 2455 ro*
1014 2392 1071 2475 γαίρ
1085 2401 1170 2479 Αγαρ

75 2472 148 2529 Σινᾶ
171 2464 240 2547 deoc
264 2466 345 2530 ἐστὶν
364 2468 396 2530 ἐν
418 2473 457 2553 τῇ
471 2472 608 2555 Αραβίμ,
628 2481 777 2552 συστοιγεῑ
791 2476 824 2535 δε
848 2480 886 2558 τῇ
899 2479 959 2537 νῦν
976 2478 1170 2559 Ιερονσαλημ,
1259 2553 1264 2567 Ι

75 2548 206 2615 δουλεύει
225 2549 259 2613 δὲ
281 2549 355 2631 perol
374 2557 436 2615 τῶν
455 2553 568 2616 τέκνων
584 2549 686 2633 αὐτῆς.
729 2563 781 2624 26.
802 2562 840 2619 H
855 2558 888 2621 δὲ
905 2557 969 2623 iiras
984 2562 1171 2644 Ιερονσαλήμ

75 2636 320 2718 tarnatensem,
341 2632 408 2713 ἥτις
421 2638 483 2701 ἐστὶ
497 2632 596 2719 μήτηρ
610 2636 733 2702 πάντων
747 2641 844 2721 ἡμῶν.
887 2644 1007 2705 Memini
1023 2649 1170 2727 equidem,

75 2724 161 2796 llilli,
182 2742 227 2781 rna
247 2742 309 2782 non
330 2722 373 2781 ita
398 2722 513 2800 pm'dem
537 2745 554 2782 a
576 2733 606 2783 te
625 2734 779 2802 rogatum,
808 2736 842 2787 ut
862 2726 899 2785 de
917 2730 1090 2807 perdifficili
1111 2730 1170 2792 boc

75 2804 138 2866 ,oc'o
150 2807 294 2886 judiciam
310 2828 411 2867 meum
430 2812 665 2885 interponerem,
690 2808 882 2873 vehementer
900 2815 1082 2891 approbasse
1103 2836 1168 2877 sen·
1187 2814 1211 2865 V
1229 2813 1264 2872 47

75 2892 190 2952 ιααῑίαιυ
212 2901 311 2967 tuam,
334 2913 422 2970 qnam
443 2895 475 2951 in
497 2894 549 2951 illa
571 2904 621 2951 tua
643 2894 783 2955 Editione
799 2896 940 2974 posuisti:
968 2900 1072 2977 Neque
1090 2903 1167 2961 enim

75 2978 196 3037 eundem
209 2987 338 3035 montem
360 2987 390 3037 et
405 2978 534 3055 Agarem
552 2987 691 3037 vocatum
710 3001 774 3040 esse
794 2989 824 3039 et
844 2982 958 3059 Sinam,
980 3004 1076 3061 neque
1095 3005 1167 3044 vero

75 3064 165 3121 allum
186 3081 312 3139 nsquam
332 3062 466 3139 gentium
489 3084 524 3121 eo
547 3064 668 3122 nomine
686 3074 821 3124 notatum
847 3086 924 3143 esse,
955 3088 1050 3147 neque
1072 3090 1167 3147 porro

75 3150 193 3224 bgarern
208 3166 325 3207 servam
347 3147 396 3222 (si
413 3147 452 3206 de
466 3168 552 3206 serra
564 3148 648 3206 malit
662 3150 826 3229 quispiam,
849 3170 938 3228 quain
954 3150 991 3211 de
1005 3162 1105 3212 monte
1119 3175 1167 3211 ao-
1186 3166 1210 3219 0
1228 3168 1263 3223 97

75 3231 184 3312 ripere)
204 3232 235 3289 in
254 3232 356 3291 eadem
378 3232 530 3308 Allegoria
553 3242 582 3290 et
604 3233 698 3291 Menti
718 3233 902 3311 respondere
921 3255 1024 3312 posse,
1048 3246 1078 3295 et
1096 3238 1167 3315 Legi

75 3339 147 3396 quae
167 3338 204 3376 ex
222 3326 323 3375 monte
346 3317 536 3397 promulgata
558 3326 618 3377 est:
649 3327 738 3395 atque
761 3317 808 3377 bis
828 3316 865 3377 ds
886 3320 983 3389 causis
1001 3320 1032 3378 in
1050 3320 1167 3381 diversa

75 3404 190 3463 consilia
202 3401 278 3461 itum
294 3422 358 3461 esse
374 3401 409 3459 ab
424 3404 571 3480 antiquis,
594 3421 722 3479 quorum
745 3403 795 3461 alii
814 3407 894 3464 Σινᾶ
901 3448 910 3479 ,
933 3403 986 3463 sed
1000 3406 1112 3485 plures¹
1128 3404 1167 3469 Td

75 3486 130 3571 γαρ
142 3495 223 3568 Αγνρ
238 3508 254 3545 e
267 3486 352 3546 libris
366 3486 567 3545 sustulerunt:
591 3506 667 3564 quae
691 3497 791 3546 antem
807 3497 908 3547 nostra
925 3498 954 3547 et
966 3498 1085 3566 patrum
1103 3510 1166 3548 me-

75 3573 165 3633 moria
185 3572 242 3631 riri
262 3572 362 3648 magni
382 3571 575 3631 commentati
595 3580 680 3645 sunt,
702 3581 818 3631 tantum
838 3573 940 3631 abesse
956 3584 989 3633 ut
1003 3574 1102 3633 locum
1120 3575 1164 3633 sa-

76 3659 153 3717 ciant
176 3657 413 3735 explicationem,
450 3666 484 3714 ut
509 3656 596 3715 novis
623 3656 712 3715 etiam
742 3656 974 3715 obscuritatibus
1000 3658 1164 3723 involvant.

77 3742 142 3815 Qua
156 3742 270 3821 quidem
293 3742 467 3814 occasione,
489 3757 527 3799 ne
550 3740 670 3800 omnino
692 3736 864 3821 οίσιίμβολος
880 3760 988 3815 essem,
1012 3742 1166 3838 conjectu-

75 3850 150 3902 ram,
171 3838 202 3886 ut
218 3828 294 3907 scis,
316 3826 547 3905 extemporalem
570 3826 601 3884 in
623 3824 755 3885 medium
777 3825 882 3901 attuli,
906 3845 980 3905 quae
997 3838 1164 3924 etiamtum

75 3914 138 3972 visa
153 3923 195 3982 est
207 3911 245 3971 ad
260 3913 414 3970 veritatem
428 3912 565 3987 proxime
582 3909 732 3971 accedere.
775 3902 896 3969 scilibet
916 3911 1063 3987 eregione
1079 3911 1166 3970 rerba

76 4001 152 4059 Σινιῖ
169 3997 321 4057 adnotasse
348 3996 421 4055 olim
444 3996 613 4073 quempiam
642 3994 835 4055 enarrationis
860 4014 968 4071 causa,
996 4000 1076 4057 Σινᾶ
1095 3992 1166 4076 ὅρος
1258 4070 1266 4081 .

77 4080 153 4144 ἐστίν
165 4081 195 4143 ἐν
209 4086 247 4166 τῇ
261 4083 399 4165 Αραβίμ,
421 4077 499 4139 Sina
521 4082 591 4155 iste,
613 4101 697 4161 quem
716 4094 860 4139 memoror
877 4076 1058 4158 Apostolus,
1081 4100 1166 4174 mons

77 4165 202 4227 Arabiae
214 4180 271 4242 est,
293 4187 328 4225 ea
342 4174 442 4225 antem
458 4164 550 4223 rerba
564 4185 625 4225 non
639 4164 736 4243 multo
750 4172 831 4243 post,
852 4174 886 4224 ut
898 4183 987 4241 saepe
1003 4170 1165 4258 usuvenit,

80 4250 115 4309 de
131 4250 195 4308 libri
211 4250 343 4328 margine
361 4250 394 4310 in
420 4250 588 4311 orationem
609 4236 711 4330 ipsam
730 4247 902 4331 irrepsisse:
930 4267 1001 4305 nam
1027 4246 1169 4328 Apostoli

117 4342 216 4396 roano
239 4343 368 4397 naum.
689 4339 696 4357 ⁸
917 4330 959 4395 48
