2950 4817
246 282 322 354 690
693 269 901 341 uuit‘ruuu

413 451 488 512 Οσοι
503 469 536 509 τε
549 438 754 530 γηράσκουσιν
768 433 899 527 ὀρφανοὶ
911 443 1026 510 σίκυον

416 528 494 607 Τούς
508 525 539 596 τ’
557 531 591 598 ἐκ
605 533 745 613 μεγίστης
759 525 865 611 ύίβίας
879 533 1060 615 τυραννίδος

416 616 456 682 Τύ
473 614 567 698 μηδὲν
582 612 678 692 ὄντας.
692 611 787 680 ταῦτά
804 635 838 682 σε
853 623 979 684 σκοπεῖν
993 605 1100 699 χρειύυ.

330 705 451 766 Erravit
471 701 690 763 eruditissimus
712 701 838 764 Grotius
857 702 890 762 io
909 702 1084 782 Excerptie,
1115 721 1186 762 cum
1209 700 1247 762 in
1269 719 1380 760 versu

246 801 353 872 questo
372 790 522 868 reposuit,
546 779 627 872 Ρᾷον
644 786 750 867 φέροις
764 784 816 850 etv.
860 787 945 846 ltihit
960 791 1041 848 cuim
1052 788 1148 863 megis
1162 806 1226 866 sisu
1243 787 1378 858 tticum,

246 897 335 956 quem
358 870 443 961 ρ’ρίων
461 867 558 949 εἶναι,
580 873 687 934 melius
704 871 830 948 hebere,
852 871 997 933 hilariore
1015 870 1116 935 animo
1139 893 1227 948 esse,
1247 891 1376 932 eonve-

244 962 366 1024 lescere.
414 959 513 1020 Etism
535 959 622 1036 puesi
644 957 705 1020 hoc
724 959 833 1019 sciunt.
886 958 1024 1033 Εττιυίῑ,
1054 977 1124 1016 cum
1148 958 1184 1016 in
1205 956 1375 1017 seniculo

245 1046 351 1126 quinto
376 1044 530 1106 emendare
550 1053 675 1104 conetue
697 1053 744 1106 est
760 1034 1017 1122 ίμμεμύχθηνται.
1065 1041 1133 1102 Non
1156 1043 1239 1103 enim
1261 1043 1375 1118 mgis

245 1134 420 1212 ροχθούραι
436 1129 566 1205 dixeris,
587 1149 656 1188 oum
681 1132 791 1208 μοχθοῖ
810 1131 850 1188 sit
868 1129 999 1190 verbum
1016 1134 1155 1188 neutrum
1162 1171 1173 1204 ,
1193 1146 1296 1207 quem
1306 1121 1370 1190 ια’-

244 1234 353 1296 σχομαι
369 1223 421 1275 eut
431 1209 592 1294 κύμνομαι
635 1214 705 1274 Sine
718 1213 811 1274 dubio
827 1212 974 1292 scriptum
992 1210 1145 1290 oportuit,

412 1303 487 1362 Οσοι
503 1321 534 1362 τε
550 1300 670 1380 δεσμοῖς
686 1293 938 1379 ίμμεμύχίτυνται
953 1299 1082 1378 βροτσῖυ.

329 1385 378 1445 vel
413 1387 487 1447 Οσοι
499 1405 530 1448 τε
544 1385 679 1463 δεσμοῖσι
692 1379 909 1464 μεμύχίτυνται
920 1384 1047 1462 βροτῶν.

245 1471 366 1532 Erravit
387 1469 534 1548 denique,
564 1489 635 1528 cum
659 1470 760 1528 locum
782 1467 865 1528 hunc
894 1467 935 1527 sd
954 1465 1052 1542 hunc,
1083 1465 1122 1526 de
1143 1485 1205 1544 que
1231 1465 1369 1544 egimus,

244 1557 362 1616 Dsueen
374 1553 563 1615 referendum
578 1554 716 1634 putavit,
738 1553 792 1632 qui
814 1553 935 1613 omnino
956 1572 995 1615 ex
1009 1550 1165 1630 Euripidis
1180 1552 1295 1630 Dictye
1312 1572 1371 1610 ec-

244 1641 370 1702 cereitus
388 1649 442 1700 est.
465 1637 503 1698 de
528 1659 588 1718 quo
606 1639 731 1700 consule
754 1638 933 1711 stobaeum,
956 1646 987 1696 et
1009 1636 1093 1696 elios.
1135 1634 1371 1715 Aristophanes

246 1725 464 1786 Grammaticus
482 1723 513 1782 in
530 1733 705 1802 argumento
720 1722 854 1782 llledeee.
897 1715 1061 1800 Είιδύχθη
1076 1718 1127 1784 tat
1143 1715 1367 1822 Πυθιοιίτύρου

245 1807 390 1892 ύρχοντος
410 1803 553 1886 nescistis
576 1802 627 1882 κζ’
655 1801 846 1886 Οίυμιτιύδα.
890 1809 1020 1886 Προῖτος
1044 1798 1233 1886 Εύφορίον,
1256 1807 1369 1870 δευτε-

245 1919 300 1975 ρος
315 1891 486 1974 Σοφοκλῆς,
507 1893 606 1975 τρίτος
623 1886 806 1972 Εύριιτίίης.
849 1887 985 1969 Μήδεια,
1009 1883 1207 1968 Φιλοκτήτης,
1232 1892 1367 1969 Δίκτης,

247 1979 394 2061 Θερισταί.
436 1971 573 2057 Σάτυρος
594 1972 632 2040 ου’
654 1971 786 2051 σύζεται.
828 1977 934 2038 Scribe
952 1977 1081 2052 Δίκτυς,
1104 1973 1249 2054 Θερισταί
1271 1969 1368 2037 odeu-

244 2087 294 2145 ροι
309 2059 347 2126 ού
363 2057 516 2137 σώζονται
542 2061 564 2124 i.
586 2082 612 2122 e.
633 2061 774 2144 θερισταὶ
794 2061 895 2144 δρᾶμα
916 2055 1083 2140 σατυρικύυι
1127 2058 1176 2119 lte
1201 2060 1297 2140 loqui
1316 2081 1365 2119 sc·

243 2149 316 2210 lent.
366 2147 446 2208 Cave
466 2147 543 2206 enim
567 2145 671 2210 credes
690 2142 726 2210 τύ
749 2138 875 2229 σάτυροι
896 2165 961 2206 esse
987 2154 1106 2225 pectem
1131 2145 1364 2226 inscriptionis.

244 2233 290 2294 lte
310 2231 470 2313 Sophoclis
490 2231 591 2292 lebule
614 2229 727 2308 Κωφοὶ
747 2227 880 2311 σύτυροτ
922 2228 1102 2291 Scholiastss
1116 2229 1267 2292 Nicandri
1288 2233 1365 2292 eim-

244 2317 367 2399 plioiter
383 2320 545 2394 Σοφοκλῆς
576 2316 609 2380 ίυ
635 2321 771 2394 Κοιφοῖς.
820 2316 870 2374 sio
897 2314 1031 2394 ejusdem
1053 2314 1191 2396 Ιχυσυταί
1220 2309 1364 2396 σάτυροι,

245 2400 496 2482 quemadmodum
510 2400 592 2482 opud
605 2400 758 2463 Pollucem
774 2410 820 2460 est
843 2401 1004 2478 legendum
1025 2421 1083 2480 pso
1101 2400 1244 2477 Ιχνενταὶ
1256 2396 1366 2464 Σατύ-

244 2511 316 2571 ραν.
358 2487 529 2548 Athenaeus
547 2507 609 2546 noo
622 2486 762 2565 opposito
777 2486 896 2546 subules
910 2485 1095 2560 discrimine,
1107 2489 1186 2563 Σοφ.
1202 2485 1241 2550 ίν
1255 2491 1365 2566 Ives-

243 2578 319 2646 ταῖς.
362 2572 412 2631 Sic
435 2576 540 2648 loccis
563 2571 596 2634 ἐν
619 2567 781 2654 Αύίφδοῖς
810 2567 952 2648 σατύροις
974 2570 1059 2650 opud
1081 2571 1287 2632 Clementem:
1315 2573 1362 2632 sic

244 2655 410 2734 Aeschylus
430 2656 463 2720 ἐν
478 2650 596 2737 Κήρυξι
612 2651 753 2738 σατύροις
775 2656 858 2735 epud
874 2656 1044 2717 Pollucem:
1064 2656 1107 2716 ite
1122 2657 1203 2715 enim
1227 2657 1359 2718 emendo

244 2761 300 2821 pso
312 2736 421 2822 κήρυξι
434 2747 612 2822 σατυρικοῖς.
655 2740 779 2802 Photius
799 2741 833 2799 in
847 2742 957 2800 Lexico
972 2741 1210 2821 manuscripto:
1235 2745 1362 2824 Πυρσο·

243 2822 352 2906 κύρσου
373 2824 509 2899 ίίοντος,
538 2820 690 2905 Αἰσχύλος
711 2824 746 2888 ἒν
765 2820 884 2906 Κήρυξι
907 2819 1061 2906 σατύροις.
1108 2825 1157 2888 Ex
1177 2846 1244 2904 quo
1263 2829 1361 2889 resti-

243 2909 372 2969 tuendus
387 2909 639 2989 Hesychiiloous:
663 2908 1264 2993 Πυρσοκουρσοίέοντοςπυρροκεφύλου,
1289 2917 1360 2988 ξαν-

242 2994 405 3075 θοτρίχου,
426 2996 506 3070 lege,
529 3004 563 3054 ut
582 2995 666 3075 spud
687 2994 836 3058 Plotium.
880 2997 956 3056 Cum
977 3004 1079 3056 sutem
1103 3017 1213 3057 nomen
1233 2998 1361 3058 [ebulos

244 3079 411 3159 cujuspiam
427 3079 465 3138 sit
476 3099 601 3139 numero
623 3080 784 3158 singulori3
806 3090 879 3140 tunc
903 3077 1049 3161 σατυρική
1068 3081 1174 3140 dicunt
1191 3093 1226 3143 et
1237 3102 1359 3164 σατυρι·

243 3159 304 3239 etde·
346 3165 449 3226 Potuit
465 3173 563 3226 eutem
578 3166 703 3226 Grotius
715 3175 849 3225 erratum
861 3186 950 3228 suum
968 3166 1129 3226 resciscere
1142 3187 1181 3226 ex
1192 3167 1359 3248 Fragmen-

242 3257 278 3310 to
295 3249 349 3309 illo
370 3251 504 3327 Danaes,
532 3250 614 3330 quod
633 3251 748 3330 primus
768 3251 799 3310 iu
819 3252 919 3314 locem
945 3249 1041 3310 edidit
1061 3251 1101 3315 de
1120 3251 1218 3313 literis
1237 3256 1359 3336 optime

243 3335 368 3394 meritus
389 3335 588 3414 Hieronymus
613 3335 821 3398 eommutnus
870 3335 918 3396 lbi
942 3333 1085 3396 dramatis
1106 3357 1257 3417 personae
1285 3349 1359 3400 sunt

147 3415 426 3496 uictimarios,
447 3421 562 3495 Dente,
583 3420 713 3495 Nutn'x,
742 3421 893 3499 Acrisius,
914 3421 1071 3496 Minerva,
1099 3423 1254 3500 liuticios,
1277 3425 1360 3486 che.

241 3522 311 3564 rus:
332 3505 436 3584 Dictys
460 3515 559 3566 eutem
573 3505 694 3567 minime
715 3517 879 3586 comperet.
921 3506 957 3566 ln
980 3500 1221 3595 οἶκοσκασματίφ
1239 3511 1295 3572 illo
1312 3513 1358 3570 sic

241 3588 334 3666 vulgo
344 3590 456 3670 legitur
467 3611 530 3652 nou
541 3591 629 3668 longe
649 3592 841 3670 eptincipio.

406 3707 450 3722 —
471 3705 514 3722 ·-
533 3707 577 3722 —
597 3667 751 3761 κᾷτύιτας
766 3679 853 3757 selue
866 3699 939 3742 ποτε

406 3756 517 3840 Ευυνίν
530 3761 683 3842 κρυφαίαν
696 3765 815 3842 γνοῦσα
827 3761 882 3825 καί
900 3760 944 3843 μή
957 3765 1073 3845 γνοῦσα
1086 3759 1127 3845 ὑφ’

410 3840 582 3928 Ίίτύττττρον
601 3844 708 3909 ilem
725 3846 838 3922 τίξτται
855 3849 956 3928 πατρί.

327 3924 402 3986 Cum
414 3929 501 3989 metri
516 3932 609 4003 estio,
634 3940 701 3994 tum
722 3950 772 3994 res
790 3931 857 4012 ipss
876 3933 1010 4012 flagitet,
1031 3942 1069 3995 ot
1085 3927 1261 4014 ύιτύσστερου
1276 3935 1356 3996 scri·

241 4005 367 4087 bemus,
389 4033 450 4072 noo
465 4009 647 4096 ύιτύιτστρου.
690 4016 767 4089 Quis
779 4037 843 4077 nou
863 4020 976 4080 cletum
995 4017 1140 4080 Perseum
1162 4029 1194 4080 et
1206 4019 1241 4079 in
1261 4019 1354 4080 libris

240 4092 331 4171 legit,
354 4104 383 4155 et
395 4097 427 4156 in
442 4098 531 4178 pictis
547 4099 658 4161 tabulis
672 4100 772 4162 vidit?
793 4102 837 4162 tt
849 4101 999 4185 incapte·
1017 4101 1110 4165 homo
1129 4123 1201 4164 esne
1221 4105 1353 4165 festivos

239 4177 282 4236 ite
298 4183 465 4242 convertit:
485 4181 543 4242 sub
559 4195 751 4250 sexcentum
770 4187 899 4252 leonem.
939 4189 1054 4267 Nempe
1074 4187 1147 4249 huic
1165 4189 1353 4263 committes,

239 4263 342 4342 siquid
355 4277 438 4331 recte
455 4277 593 4333 curetum
606 4271 691 4336 velis.
734 4271 775 4336 Et
794 4282 897 4339 oneo
914 4273 943 4336 is
962 4273 1030 4356 ipse
1050 4283 1096 4336 est
1112 4273 1146 4336 ui
1164 4274 1272 4354 selles,
1294 4275 1353 4355 qoi
1444 4266 1445 4315 ί
