2950 4817
257 287 333 365 754
707 274 914 346 suttunuu

258 458 380 543 quidem
393 476 428 519 ss
444 474 505 517 non
527 472 610 531 esse,
629 452 685 515 sed
702 448 992 533 mpepdslliqploo,
1013 466 1053 508 ex
1071 446 1140 527 ipso
1156 444 1259 506 statim
1280 441 1376 503 vultu

259 558 291 610 et
303 546 404 606 colore
417 542 568 620 totiusque
582 540 657 601 odeo
671 538 812 619 corporis
834 537 884 598 lilo
905 535 1046 615 cognosci
1060 552 1162 614 posse:
1191 539 1224 591 et
1238 527 1378 609 proinde

259 653 312 691 mo
322 634 459 712 psrstum
473 647 536 687 esso
550 621 692 705 ὀβελλζεεν
706 624 922 697 dunelmum,
943 620 1003 681 nisi
1018 620 1093 699 quid
1106 617 1162 678 tibi
1175 634 1265 676 secus
1284 613 1378 673 ride-

258 726 352 779 retur.
394 716 469 773 Cum
483 722 582 771 nutem
594 709 650 771 tibi
661 710 751 770 valde
765 710 885 789 plncerc
905 706 1108 786 conjecturam
1127 722 1225 761 meam
1246 718 1326 779 pne
1342 706 1377 757 te

258 805 366 865 serres:
398 798 499 877 atqui,
525 797 668 876 inquom,
696 804 732 855 ut
756 814 830 855 vers
844 794 900 853 ista
925 793 966 852 ait
988 791 1054 851 sive
1075 787 1179 870 opinio
1202 784 1270 844 sive
1293 784 1376 843 adeo

259 886 391 967 suspicio
417 894 536 958 nostra,
570 900 693 942 necesso
718 889 764 940 est
798 879 875 939 illud
904 874 938 941 dl
969 875 1054 957 quod
1084 892 1191 935 vocem
1218 874 1380 947 occemzsi

258 973 397 1055 proxime
415 968 625 1047 subsequitur,
655 986 713 1046 pro
738 982 961 1043 supervacaneo
984 960 1147 1021 auferatur.
1190 956 1318 1015 Dictum
1338 972 1377 1011 sc

259 1060 373 1118 factum
388 1054 548 1114 editionem
565 1062 648 1111 tunm
667 1050 862 1130 inspicimus,
884 1050 986 1125 ibique
1006 1055 1137 1125 quotuor
1156 1040 1194 1101 sd
1213 1042 1377 1101 minimum

261 1144 342 1206 MSS.
363 1138 458 1200 libros
486 1138 686 1216 comperimus
713 1133 956 1215 conjunctionem
986 1132 1074 1191 istum
1101 1148 1161 1187 nou
1192 1144 1373 1205 agnoscere:

263 1226 344 1308 quod
367 1245 437 1285 sone
458 1245 518 1283 nou
542 1222 580 1282 de
600 1222 696 1281 nihdo
719 1229 780 1295 est,
803 1239 901 1298 noque
922 1218 986 1277 ulls
1003 1214 1161 1278 commode
1185 1213 1268 1271 tutio
1287 1208 1373 1270 seddi

262 1321 364 1394 potest
377 1331 432 1370 cur
447 1308 590 1382 abluerit3
612 1308 637 1366 si
650 1306 762 1380 verba,
784 1302 821 1363 de
838 1306 949 1384 quibus
970 1298 1045 1363 lineo
1061 1299 1197 1379 quaestio
1212 1306 1278 1369 est,
1299 1314 1375 1353 nun·

263 1418 352 1477 quem
367 1416 427 1453 non
441 1397 471 1455 in
487 1392 642 1452 codicibus
658 1390 838 1450 extitissent.
881 1390 976 1447 Tanto
992 1408 1041 1447 res
1056 1396 1117 1445 tans
1135 1382 1282 1463 pertenui
1294 1378 1376 1439 indi-

263 1483 310 1541 cio
325 1480 472 1560 pstelsctn
487 1477 558 1537 setis
576 1475 686 1537 relellit
701 1474 827 1535 voculas
848 1473 1057 1552 imperitorum
1083 1478 1137 1527 aut
1151 1467 1376 1527 malevolorum

262 1566 434 1641 hominum,
462 1563 516 1641 qui
537 1559 722 1638 diligentium
744 1560 831 1619 istum
853 1556 983 1616 minutas
1013 1555 1183 1633 scripturae
1211 1552 1375 1613 παίει-λοι

263 1658 440 1724 sectantem,
461 1657 604 1724 tanusm
617 1644 773 1703 obscurem
794 1651 824 1701 et
842 1640 1002 1702 sollicitum
1022 1648 1053 1698 et
1070 1636 1195 1697 nimium
1207 1636 1240 1697 iu
1255 1636 1374 1713 vitupe-

264 1736 407 1795 rationem
440 1731 605 1790 adducunt.
654 1728 729 1799 Quis
759 1726 837 1785 enim
859 1726 978 1785 dubitet
1000 1724 1072 1804 quin
1091 1723 1201 1781 melior
1225 1722 1324 1781 multo
1346 1728 1376 1777 et

265 1820 398 1898 apertior
410 1814 463 1876 fist
475 1812 635 1881 sententia,
657 1813 684 1870 si
709 1811 871 1870 autoritate
890 1810 1164 1887 dlonuscriptorum
1182 1814 1376 1885 expungatur

186 1902 191 1917 '
264 1904 312 1968 tt·
334 1913 399 1963 tum
412 1910 511 1960 sutem
525 1901 606 1961 Σιυᾶ
619 1892 689 1975 ὅρος
701 1895 781 1958 ἔστιν
795 1893 829 1958 ἐν
840 1899 881 1981 τῇ
894 1896 1015 1979 Αραβίςε
1028 1892 1068 1953 do
1084 1892 1184 1953 medio
1201 1891 1374 1963 decedam

264 1997 386 2048 ettotsss
400 1984 510 2045 deinde
528 1983 615 2041 locus
634 1980 681 2039 sic
699 1981 827 2057 legetur.
878 1973 977 2041 Arsvoi
992 1978 1082 2049 ,ἐστιν
1104 1970 1371 2058 ἀλληγορούμενα·

266 2066 354 2136 odeas
373 2064 431 2153 γάρ
452 2070 529 2131 εἰσιν
552 2066 587 2129 αλ
603 2060 661 2128 delo
684 2066 849 2144 διαθῆκαι·
878 2066 934 2144 μία
955 2061 1010 2143 μὲν
1027 2056 1090 2125 sind
1102 2058 1309 2143 ὅρουςΣιυοῑ,
1331 2060 1374 2131 ele

170 2170 197 2226 0
213 2170 250 2228 98
266 2156 407 2222 δουλείαν
427 2156 581 2235 γεννῶσα,
609 2144 677 2230 ἥτις
698 2148 780 2212 ἔστιν
801 2155 896 2231 Αγαρ.
951 2144 992 2210 Τδ
1014 2144 1047 2209 δὲ
1063 2152 1149 2228 Αγαρ
1168 2150 1324 2225 συστοιχεῖ
1335 2148 1373 2223 τῇ

265 2247 326 2307 νῦν
341 2234 542 2320 deposcendis,
565 2230 704 2299 δουλεύει
718 2229 776 2317 ydp
791 2230 863 2312 pred
880 2236 944 2295 τοῖν
956 2231 1069 2295 τέκνων
1089 2226 1193 2310 odric.
1234 2228 1298 2291 lsoc
1318 2239 1371 2301 est,

267 2326 358 2408 Agar
376 2336 474 2383 nutem
491 2316 643 2404 respondet
656 2316 892 2398 Hierosolymis,
913 2317 1042 2377 seruiunt
1056 2318 1133 2376 enim
1150 2338 1219 2376 oum
1235 2316 1373 2397 progenie

267 2433 335 2472 soc.
378 2404 441 2490 Polp
457 2417 487 2467 et
500 2404 534 2468 di
548 2407 647 2466 locum
657 2404 735 2462 inter
755 2423 787 2461 se
803 2412 974 2483 permutare
993 2402 1070 2482 jussi
1090 2401 1149 2459 fide
1163 2400 1228 2461 MS.
1246 2402 1373 2459 Alsum-

268 2494 365 2568 drini,
387 2502 417 2552 et
430 2490 569 2551 aliorum:
591 2487 754 2568 quinetiam
768 2486 870 2547 dedita
890 2507 982 2567 opere
999 2482 1213 2569 Hierosolymo
1233 2484 1302 2545 dixi
1315 2504 1372 2543 nou

267 2574 449 2656 donanim,-
470 2584 506 2635 ut
521 2593 559 2634 ex
572 2574 638 2652 ipss
652 2571 784 2632 dictione
801 2574 880 2632 soret
897 2571 1107 2651 perspicuum,
1131 2590 1279 2649 quorsum
1299 2568 1372 2629 illud

267 2656 404 2727 δουλεύει
415 2660 590 2740 pertineret.
633 2657 703 2736 lpss
720 2658 800 2717 onim
819 2656 934 2733 flagitet
956 2655 1104 2717 sententis
1120 2664 1156 2714 ut
1168 2650 1311 2719 δουλεύει
1325 2676 1373 2717 re·

267 2748 382 2806 feratur
403 2744 441 2803 ad
465 2737 660 2824 Ιερουσαλήμ.
702 2740 793 2815 Quod
816 2760 884 2801 cum
908 2742 949 2800 ita
970 2743 1026 2819 sit;
1053 2760 1126 2816 cur,
1148 2740 1276 2817 smslso,
1297 2745 1374 2822 Apo-

268 2830 364 2890 stolus
387 2827 442 2887 tali
468 2846 540 2886 usus
558 2836 603 2887 est
626 2828 851 2887 constructione
870 2826 1049 2904 verborum,
1070 2846 1131 2907 qua
1153 2822 1373 2890 dontesiescuns

267 2921 354 2995 Αγαρ
375 2911 543 2972 necessario
565 2910 726 2972 convenire
750 2910 912 2972 videntur?
942 2922 996 2971 sut
1021 2912 1216 2991 quamobrem
1234 2908 1272 2975 sd
1291 2918 1374 2992 Arce

268 3017 375 3078 genere
387 3006 494 3057 neutro
506 2996 625 3075 posuit;
646 2996 733 3074 quasi
753 3016 824 3056 vero
843 3003 928 3077 Ayop
950 2998 1145 3058 materialiter
1159 3016 1196 3055 sc
1210 3017 1272 3077 pro
1287 3014 1373 3071 voce,

269 3104 330 3143 non
349 3101 406 3161 pro
429 3082 535 3140 ancille
556 3080 606 3141 lsic
625 3080 812 3159 usurpetur?
840 3082 993 3143 Hactenus
1012 3082 1121 3161 opinor
1141 3101 1290 3162 prospere
1302 3080 1371 3140 milti

269 3170 443 3243 conjecturo
454 3165 612 3247 processit,
632 3176 669 3226 ut
682 3185 768 3225 mons
780 3165 838 3224 isto
852 3166 977 3227 Arabius
993 3167 1130 3227 omnibus
1145 3166 1294 3225 machinis
1304 3167 1372 3225 loco

268 3250 436 3315 movendus
449 3270 513 3312 osse
531 3250 684 3311 ridentur:
707 3248 762 3309 sed
780 3250 857 3310 mals
875 3271 948 3312 vero
967 3270 1015 3312 ms
1033 3250 1147 3313 habeut
1167 3251 1202 3311 hi
1224 3251 1373 3331 scrupuli,

269 3356 367 3415 neque
387 3336 472 3397 eliud
489 3334 585 3395 habeo
605 3334 688 3414 quod
707 3335 805 3395 dicam
827 3346 881 3395 eut
902 3337 1086 3416 conjectem;
1106 3336 1320 3417 praeterquam
1335 3356 1372 3395 ex
1442 3374 1443 3383 .

270 3442 331 3502 qno
354 3429 490 3500 tempore
509 3420 602 3481 verba
619 3419 677 3479 ists
696 3419 735 3479 do
758 3420 891 3499 margine
906 3420 939 3480 in
962 3423 1107 3482 orationis
1126 3431 1243 3483 textum
1261 3421 1372 3481 adscita

269 3514 357 3579 suut,
378 3505 467 3565 sicuti
488 3524 560 3565 mox
576 3503 817 3585 conjunctionem
839 3503 874 3569 δδ
892 3505 1038 3585 quosdam
1053 3506 1190 3567 homines
1207 3506 1372 3581 intrusisse,

268 3592 311 3650 its
324 3589 382 3648 alia
396 3589 541 3651 nonnulla
555 3590 714 3650 mutavisse
733 3590 841 3652 leviter
858 3599 889 3650 et
908 3590 948 3650 ed
971 3592 1206 3653 commentitiam
1232 3612 1299 3651 eam
1309 3610 1373 3649 sen·

270 3676 393 3734 tentiam
415 3673 665 3735 accommodasse.
720 3674 796 3734 Nam
820 3675 958 3755 prolecto
981 3676 1068 3738 t'sclle
1092 3678 1226 3737 animum
1249 3676 1371 3749 induco,

270 3767 307 3818 ut
321 3757 439 3819 credam
453 3758 513 3818 hoc
526 3758 616 3819 modo
632 3758 786 3839 scripsisse
801 3760 830 3825 S.
844 3760 986 3820 Psulums
1012 3765 1058 3848 Τῇ
1073 3760 1108 3823 δὲ
1120 3767 1206 3845 Λγορ
1226 3764 1375 3839 συστοιχεῖ

271 3840 295 3923 ἦ
311 3846 371 3905 νῦν
383 3840 588 3923 Ιερουσαλήμ,
609 3841 746 3906 δουλεύει
763 3840 821 3926 γδρ
835 3842 907 3924 pessi
922 3844 1038 3909 εὲιιυοιυ
1056 3842 1161 3925 αὐτῆς.
1204 3850 1239 3907 H
1256 3843 1292 3909 di
1308 3842 1372 3907 tvo

272 3936 328 3987 etc.
370 3924 473 4007 Aguri
488 3942 585 3987 ostem
603 3924 756 4009 respondet
775 3924 953 4004 Jerusalem,
974 3931 1062 3990 enuit
1084 3932 1161 3991 enim
1184 3952 1253 3992 cssrss
1272 3927 1373 3990 liderls

270 4012 341 4071 esis.
391 4008 476 4089 Quos
498 4032 566 4071 uero
587 4032 679 4092 supro
698 4026 740 4071 ess
762 4009 923 4073 Jerusalem
943 4010 1038 4075 libero
1054 4029 1111 4090 est,
1129 4036 1208 4099 quoe
1222 4029 1318 4073 mora·
1330 4026 1373 4072 ess

271 4115 400 4154 omnium
413 4109 559 4155 nostrum.-
580 4105 683 4175 postea
695 4114 770 4156 vero
785 4097 952 4158 adulterius
966 4099 1024 4159 ists
1045 4120 1111 4161 sese
1128 4100 1298 4160 insinuasse
1312 4096 1373 4157 hoc
1441 4114 1442 4117 ’

271 4180 426 4280 «stimplo,
452 4183 498 4265 lli
508 4175 546 4279 δὲ
559 4186 645 4261 Ayop
662 4185 742 4243 Σιυοῖ
760 4178 832 4265 ὅρος
855 4180 936 4247 ἐστὶν
949 4182 983 4247 ἐν
1003 4188 1044 4271 τῇ
1056 4186 1178 4269 Αραβλᾳ
1191 4178 1373 4262 ooososzet'rl

269 4284 332 4326 sos
353 4266 551 4348 Ιερουοαλημ.
593 4264 670 4327 Cum
689 4274 789 4333 autem
809 4264 885 4331 lsaoc
905 4269 1019 4350 oratio,
1040 4278 1076 4333 ut
1095 4270 1212 4354 uernis,
1229 4270 1264 4331 iu
1280 4265 1372 4331 msul-
