2950 4817
223 246 298 323 152
517 236 744 307 lOANNIS
767 239 1029 309 Manassis

157 419 162 428 ¹
219 420 431 511 impendentis
444 417 575 505 &drapo
588 426 651 487 τῶν
664 416 867 507 γραμμάτων,
890 420 968 507 λέγει
980 419 1077 510 αὐτῷ,
1098 415 1326 505 Μακροθόμη-

220 551 276 595 σον
290 524 334 591 ἐπ’
350 526 435 608 ἐμοί,
461 530 601 607 βασιλεῦ,
628 524 736 609 καὶμὴ
751 524 911 612 ὀργισθῇς,
939 526 990 589 ναὶ
1007 522 1184 607 ἓρμηνεόσω
1200 547 1251 588 σοι
1268 522 1328 606 τήν

218 636 282 696 τῶν
306 622 498 714 γραμμάτων
523 624 662 710 όόναμιν.
716 624 732 693 ὅ
752 629 787 693 δέ
800 624 983 710 ἐπωμόσατο
997 628 1042 711 μή
1057 636 1153 692 ποιεῖν
1167 625 1252 714 αὐτῷ
1266 651 1326 690 κα·

218 731 272 799 ιιὸν
289 726 493 819 ἓρμηνεόοντι.
545 733 598 797 καὶ
612 731 688 815 λε’γει
701 728 816 818 αότῷό
831 727 973 813 Δανιήλ,
996 728 1035 795 ‘0
1057 730 1132 805 θεός
1150 736 1206 795 τοῦ
1226 728 1325 814 ον’ρα-

130 853 153 907 v
171 850 206 909 64
221 842 277 903 νοῦ
299 838 349 901 καὶ
369 840 426 918 τῆς
448 840 504 920 γῆς
523 831 740 919 ἀγανακτήσας
754 832 835 898 arctoi
851 859 908 899 σου
923 832 1079 917 ἐπλήρωσε
1096 832 1153 915 τήν
1167 833 1353 914 βασιλείανε

107 955 135 1011 0
152 957 203 1015 193
220 961 288 1005 σου.
340 938 397 1003 ναῒ
408 944 501 1003 τοῦτο
516 934 653 1012 ἀκούσας
667 936 816 1001 ἀπέλυσεν
829 935 925 1003 adadu
939 940 1013 1003 idcir
1029 939 1056 1001 εέ
1070 932 1226 1020 ἀληθεόιι.
1254 936 1328 999 ἰιαέ

218 1040 290 1128 μεθ’
307 1038 425 1126 η’μέρας
439 1042 573 1125 Δαρεῖος
589 1036 606 1104 ό
621 1042 754 1121 Μῆδος,
781 1039 827 1104 ὢν
842 1042 919 1104 ἐτῶν
936 1037 974 1118 ξ’,
999 1036 1196 1123 τυραννήσας
1209 1040 1329 1123 ἐπῆλθε

219 1148 271 1211 sol
287 1143 416 1233 ’ἔσφαξεν
429 1139 542 1225 αὐτόν,
569 1145 620 1207 καὶ
636 1140 726 1227 ἔλαβε
742 1140 800 1226 τήν
814 1144 976 1224 βασιλείαν
991 1140 1099 1208 adrui.

296 1280 392 1349 Μετὰ
412 1281 446 1347 δέ
471 1280 528 1364 τήν
548 1280 708 1360 βασιλείαν
729 1280 867 1366 Δαρείου
892 1280 1095 1363 ἐβασίλευσαν
1117 1278 1215 1362 ἕτεροι
1233 1284 1327 1360 βασι-

219 1390 281 1461 λιῒς
300 1384 470 1469 Ἀσσυρίων
496 1384 552 1460 ἕως
565 1380 764 1467 Ἀστυάγους,
818 1384 869 1447 καὶ
893 1383 1002 1448 λοιπὸν
1024 1379 1041 1447 ό
1064 1378 1235 1466 Ἀστυάγης
1251 1382 1329 1462 ἐβα-
1337 1393 1372 1449 10

219 1492 339 1553 σίλευσι
362 1490 511 1572 Περσῶν,
537 1486 572 1562 ὃς
596 1482 816 1569 ἐπεστράτευσε
838 1485 918 1549 κατὰ
935 1492 999 1549 τῶν
1020 1488 1160 1564 Λυδῶν,
1189 1482 1331 1549 rivalicia

170 1644 175 1655 .
219 1590 297 1676 μετὰ
311 1586 470 1671 δυνάμεως
484 1595 609 1671 πολλῆς.
646 1590 678 1653 ἐν
696 1579 720 1675 ᾧ
736 1585 836 1673 χρόνῳ
853 1584 869 1651 ό
885 1585 972 1670 ἣλιος
989 1587 1138 1667 ἐξέλειψιν
1153 1587 1200 1649 ἐπὶ
1214 1585 1332 1662 πολλὰς

221 1692 306 1779 ὥρας
322 1698 379 1773 τῆς
394 1688 511 1776 ήμέρας
519 1740 529 1771 ,
558 1688 758 1775 προειπόντος
773 1693 883 1755 Θαλοῦ
896 1696 952 1755 τοῦ
969 1687 1144 1775 φιλοσόφου
1163 1689 1220 1771 τήν
1236 1687 1332 1753 ἐκλει-

220 1814 278 1878 φιν
304 1800 361 1859 τοῦ
384 1790 483 1875 ήλέου.
537 1792 569 1856 ἐν
592 1802 657 1867 τοῖς
679 1789 787 1867 αὐτοῖς
804 1790 929 1875 χρόνοις
945 1795 1171 1875 Πεισίστρατος
1190 1796 1332 1873 πολεμῶν

180 1906 205 1961 Β
222 1901 412 1981 δημαγωγεῖ,
439 1900 503 1961 τῶν
525 1897 647 1961 Aetam
668 1894 712 1977 μή
731 1890 932 1978 ήττηθέντοιν
947 1900 993 1982 τῷ
1010 1894 1152 1983 πολέμῳ,
1180 1893 1260 1958 ἀλλὰ
1275 1899 1372 1964 τοῦ15

216 1996 407 2084 Ἀστυάγους
429 1997 482 2085 ἀφ’
508 1994 620 2062 ἐαυτοῦ
643 1994 913 2082 ἀναχωρήσαντος.
965 1992 1036 2062 τότε
1057 2004 1150 2061 τοῦτο
1166 1992 1286 2082 γνόντες
1301 1996 1332 2060 οἳ

220 2108 349 2171 Πισαῖοι
375 2101 521 2186 δευτέραν
546 2097 656 2187 ἑορτήν
679 2101 856 2165 ἐπιτέιεσαν
878 2098 997 2183 ἀγῶνος
1018 2101 1171 2179 Πυθίων,
1206 2100 1331 2185 εὐχαρι-

222 2212 366 2280 στοῦντες
385 2211 429 2293 τῷ
446 2201 543 2293 ‘Htlp
552 2252 561 2283 ,
590 2202 833 2290 παρατιθέμενοι
851 2198 1118 2279 ἐαυτοῦςΛυιῙοῖς
1131 2205 1239 2292 καὶτῷ
1253 2200 1332 2289 κρό-

222 2334 267 2375 τει
282 2314 338 2394 τῆς
353 2304 512 2391 δυνάμεως
525 2296 633 2371 αὐτοῦ.

112 2450 138 2505 0
155 2448 207 2508 194
301 2447 367 2513 Kal
386 2444 492 2512 λοιπόν
513 2444 545 2510 ἐν
568 2452 634 2521 τοῖς
646 2441 727 2527 μετὰ
742 2447 842 2508 ταῦτα
855 2442 991 2533 ἐφηῦρον
1006 2439 1117 2530 ἑορτήν
1130 2438 1249 2527 ἀγῶνος
1264 2442 1373 2528 τρῖ-20

291 2644 335 2699 12.
369 2638 522 2709 ἐξέκλεισεν
553 2640 606 2695 Ox.
728 2640 772 2694 15.
805 2638 871 2693 Post
904 2640 1066 2709 δημαγωγεῖ
1093 2638 1220 2693 excidisse
1251 2656 1333 2709 quae·

291 2712 351 2764 dam
382 2712 509 2766 videntur.
632 2708 673 2763 17.
710 2710 827 2762 Πισαῖοι
857 2708 925 2776 cn,
958 2712 1091 2763 Πιισαῖοι
1122 2710 1175 2761 0x.
1227 2709 1274 2761 Sic
1306 2716 1335 2761 et

291 2780 537 2905 iorniigtmbitidid.
570 2776 708 2847 Πυθίων]
735 2780 839 2849 Πυθίῳ
864 2781 916 2831 0x.
969 2778 1049 2843 Quod
1073 2786 1161 2852 potest
1177 2777 1256 2833 etism
1273 2781 1334 2833 Πν-

225 3018 271 3073 nbi
288 3018 338 3073 vim
356 3018 509 3088 Scriptum
524 3018 599 3087 hujus
615 3016 790 3089 percepisset,
805 3014 873 3077 dixit
888 3016 971 3086 Regis
1007 3017 1065 3083 „st
1081 3018 1156 3072 modo
1172 3018 1274 3071 reniam
1286 3018 1335 3072 mi-

226 3089 253 3142 hi
270 3088 357 3153 dabis,
381 3089 406 3141 0
424 3089 497 3153 ilex,
516 3104 564 3140 nec
581 3089 664 3141 iratus
682 3088 749 3149 erist
767 3087 903 3143 verborum
918 3104 1017 3141 seucum
1034 3104 1085 3155 ego
1101 3087 1152 3141 tibi
1167 3088 1334 3209 efficatiam!
1412 3120 1415 3126 =

225 3158 391 3227 Respondens
408 3174 472 3221 rex,
496 3158 641 3225 juramento
658 3155 837 3219 confirmauit,
862 3157 929 3209 nihil
944 3157 1004 3209 mali
1021 3163 1170 3211 eventurum
1190 3158 1197 3172 '
1218 3157 1226 3173 ⁹
1244 3173 1278 3210 ex
1294 3157 1336 3208 in-

226 3228 423 3295 terpretatione.
466 3227 533 3279 Turn
551 3226 619 3294 Regi
636 3226 745 3287 Daniels
778 3223 873 3289 „Deus
890 3224 1013 3293 (inquit)
1031 3226 1105 3279 Coeli
1122 3234 1151 3278 et
1166 3235 1269 3291 terrac,
1294 3226 1337 3278 in·

228 3296 313 3348 sensus
330 3296 395 3355 tibi,
419 3312 524 3364 regnum
542 3304 612 3347 turam
630 3294 663 3349 ad
687 3294 787 3347 exitum
802 3292 954 3364 perduxit“
987 3294 1062 3348 Haec
1078 3295 1123 3347 obi
1139 3294 1252 3348 audisset
1267 3295 1335 3359 ἐλαι,

228 3363 335 3416 dimittit
346 3364 433 3427 illum,
451 3364 634 3433 praedictionis
652 3372 772 3416 eventum
786 3369 979 3432 expectaturus.
1013 3363 1106 3416 Paucis
1123 3380 1186 3416 vero
1205 3370 1266 3432 post
1279 3364 1337 3415 die-

228 3432 291 3495 bus,
308 3431 403 3486 Darius
420 3434 525 3498 llledus,
544 3450 601 3486 cum
619 3450 710 3485 annum
728 3441 821 3499 ageret
836 3434 1034 3500 sexagesimum,
1052 3440 1143 3487 contra
1158 3450 1249 3501 regem
1265 3448 1337 3487 um

229 3500 324 3553 movit:
351 3518 434 3570 eoque
450 3502 605 3566 interiecto,
622 3518 728 3569 regnum
746 3500 794 3552 sibi
811 3501 971 3555 vendicavit.

299 3601 403 3656 Darium
420 3610 504 3655 eutem
528 3611 688 3675 exceperunt
713 3603 812 3656 caeteri
826 3603 985 3671 Assyriorum
1001 3620 1077 3672 reges
1092 3620 1173 3673 usque
1190 3604 1225 3658 cd
1242 3606 1337 3672 Astya-

231 3686 303 3755 gemc
329 3671 374 3740 qui
399 3672 519 3741 deinceps
542 3673 627 3726 Persis
650 3674 781 3740 regnavit.
819 3672 945 3727 illucebat
963 3672 1005 3725 hic
1023 3673 1116 3726 bellurn
1133 3680 1225 3727 contra
1242 3675 1338 3741 Lydos,

231 3740 331 3807 augenti
355 3740 459 3795 veniens
476 3758 532 3793 cum
556 3741 681 3795 exercitu.
716 3740 821 3794 Accidit
837 3750 922 3794 autem
946 3740 1035 3797 codem
1052 3749 1170 3811 tempore
1187 3742 1248 3797 solis
1266 3744 1339 3795 dele-

233 3810 301 3872 ctio,
320 3825 388 3877 quac
404 3826 453 3879 per
469 3810 560 3863 multas
576 3809 627 3863 diei
646 3810 722 3862 horos
740 3808 860 3874 duravit3
887 3813 1034 3863 hanovere
1053 3811 1150 3865 Thales
1168 3811 1339 3881 Philosophus

232 3878 408 3946 praedixerat.
443 3878 543 3931 liudem
568 3886 684 3949 ternpore
701 3879 850 3932 Pisistratus
866 3898 894 3932 se
911 3878 973 3932 belli
999 3881 1089 3932 ducem
1106 3879 1185 3949 Lydis
1202 3883 1339 3951 praebuit3

234 3945 279 4015 qui
296 3963 354 3999 curn
370 3946 457 4000 Persis
478 3964 560 4017 aequo
578 3949 666 4001 ltlarte
682 3951 842 4019 pugnantes,
870 3947 959 4001 saltem
975 3965 1028 4001 non
1043 3955 1102 4002 sunt
1124 3948 1231 4003 devicti.
1268 3948 1340 4014 Quin

234 4020 263 4067 et
279 4015 406 4083 Astyages
428 4014 495 4069 ultro
514 4016 669 4070 retrocessit.
706 4018 783 4080 Quod
802 4034 859 4070 cum
880 4016 1066 4070 intellexissent
1082 4016 1182 4081 Pisaei,
1209 4018 1341 4072 Solemni-

233 4086 314 4136 tatem
336 4082 404 4137 illum
427 4084 535 4139 alteram
560 4086 649 4155 Pytlu's'
661 4086 833 4150 certaminis,
868 4086 928 4140 solis
944 4086 972 4138 in
987 4085 1125 4151 honorem,
1160 4088 1340 4153 celebrarunt;

235 4151 400 4221 subjicientes
414 4172 470 4207 sese
486 4155 617 4223 Lydorum
634 4154 762 4227 imperio,
787 4166 816 4209 ct
831 4153 956 4225 potestati
971 4156 1035 4222 ejus.

300 4254 411 4311 Posteris
433 4254 528 4311 deinde
543 4257 716 4330 temporibus,
742 4258 821 4314 iiden
836 4256 923 4314 Pisaei
939 4255 1043 4313 tertiam
1067 4257 1256 4327 Solmnitm
1272 4258 1340 4314 ind
