2950 4817
485 292 487 296 '
583 282 811 357 urtsroLt.
1177 297 1253 373 743

26 477 35 509 :
129 456 167 514 S.
182 452 304 519 liicron.
334 456 441 520 Liuiae
459 459 582 521 Thmoo
599 462 680 543 Aug.
695 462 736 521 L.
751 472 781 522 et
796 462 903 525 Liuius
923 463 1044 526 Theona
1056 462 1095 525 ah
1110 464 1255 547 Epistulis

132 538 243 601 Graec.
286 538 461 625 PZaissdae.
490 547 639 607 Hierosol.
664 549 850 629 Episcopus,
880 548 1006 610 Zabdas
1027 553 1056 610 S.
1079 552 1200 613 llieron.
1223 562 1254 613 et

23 708 25 713 Ι
129 624 265 687 Zahdeoe
279 631 310 687 in
328 642 521 693 monumento
539 634 573 695 L.
588 634 716 694 Valerii:
748 633 889 719 Saisfeiue
913 633 1029 696 Sabda.
1073 630 1253 717 Pvaaies

128 706 329 797 Ζηνόδωρος.
363 718 405 783 L·
426 714 608 797 Calpurnius
626 720 720 779 Zeno,
766 722 924 781 Enimvero
940 722 1000 801 jam
1015 724 1184 799 percontari
1203 744 1255 783 eos

128 797 238 872 velim,
261 803 313 879 qui
331 802 396 861 sine
407 804 437 861 S.
455 804 541 863 litera
557 802 678 864 Malela
691 809 984 887 pronunciantem
1004 818 1126 867 auctore
1140 808 1255 867 didice-
1286 879 1290 889 1

23 912 30 939 ,-
127 882 199 941 rint
211 883 354 945 loannem
377 887 460 947 huna
477 889 705 949 matiacbenaea
727 882 884 971 captivum
903 892 937 951 in
957 892 1071 951 ltaliam
1087 892 1252 953 abductum

23 1019 24 1024 ,
128 969 311 1031 servitutem
329 972 370 1031 ibi
393 974 548 1048 serviisse;
569 975 690 1037 tandem
713 987 829 1051 aulem,
853 988 957 1057 postea
981 996 1069 1057 quam
1084 979 1253 1038 libertatem

25 1081 29 1090 »
126 1068 301 1133 receperat,
315 1058 354 1116 sd
366 1058 524 1119 historiam
538 1061 726 1121 scribendam
741 1062 1043 1131 secorttulisse?,Si11
1058 1074 1173 1140 autem3
1197 1086 1253 1125 cur

30 1179 33 1187 ,
127 1139 277 1216 obsecro,
306 1164 376 1204 cum
400 1146 533 1205 Evandri
556 1158 651 1207 matre
672 1157 702 1206 et
720 1148 816 1207 caseis
836 1149 896 1208 illis
922 1148 1026 1207 allium
1050 1149 1251 1225 oboleutibus,

127 1235 188 1284 sut
203 1246 273 1285 cum
288 1230 372 1289 faece
389 1232 509 1291 Romuli
525 1232 612 1309 loqui
629 1233 762 1309 malunt,
785 1254 875 1311 quam
893 1253 961 1293 cuns
978 1235 1129 1310 Cicerone,
1156 1244 1185 1294 et
1197 1235 1252 1293 bo-

23 1346 27 1377 ,
125 1308 181 1368 nis
200 1314 374 1373 auctoribus
395 1317 589 1378 Latisutatisi
643 1317 718 1377 Mihi
738 1318 859 1399 quidem
881 1340 942 1379 nou
964 1319 1052 1397 louge
1074 1319 1251 1380 deliberatio
1339 1328 1345 1339 “

126 1404 195 1466 est,
215 1408 303 1458 utros
317 1402 427 1461 imitari
446 1405 546 1463 velim.
589 1402 650 1461 Sed
671 1401 747 1461 haec
762 1404 886 1463 nimium
907 1406 1036 1463 sortasse
1056 1404 1190 1463 studiose
1204 1414 1250 1463 at-

23 1543 32 1550 „
126 1498 193 1557 que
207 1483 312 1544 anxie:
332 1487 390 1544 nisi
405 1487 489 1563 qaod
503 1488 626 1543 omnino
637 1488 881 1565 respondendum
895 1491 954 1547 suit
968 1488 1014 1561 iis,
1031 1508 1047 1545 a
1063 1488 1171 1567 quibus
1183 1508 1251 1547 sum

123 1578 325 1644 provocatus.
369 1571 525 1648 Siquidem
542 1571 693 1630 Gerardus
707 1574 842 1648 Vossius,
866 1575 918 1651 qui
933 1575 1035 1633 neseio
1052 1595 1089 1633 an
1104 1574 1249 1633 abiuter-
1285 1626 1288 1632 .

27 1697 30 1702 ,
123 1660 216 1729 prete
232 1652 457 1719 Damasceniin
473 1676 605 1715 errorem
618 1654 683 1733 ipse
696 1656 840 1717 inductus
855 1661 909 1732 sit,
934 1668 1015 1718 certe
1030 1659 1096 1717 aliis
1112 1660 1248 1737 exemplo

23 1780 29 1807 2
122 1754 188 1793 suo
206 1746 237 1795 et
248 1739 408 1799 autoritate
424 1740 506 1801 viem
521 1740 561 1798 ad
583 1745 764 1801 errationem
782 1744 928 1818 munivit,
951 1762 1012 1801 non
1028 1754 1112 1803 certo
1125 1744 1251 1823 judicio,
1264 1744 1280 1773 ·“

122 1821 185 1881 sed
202 1822 425 1883 inconsiderate
442 1838 622 1905 praeterque
643 1845 756 1885 morem
776 1819 897 1885 videtur
911 1829 1015 1905 egisse.
1061 1828 1181 1908 Quippe
1198 1828 1251 1907 qui

23 1954 26 1965 .
122 1927 281 1985 nunquam
296 1910 369 1968 alias
387 1910 530 1988 abjecerit
549 1912 585 1968 S:
607 1929 645 1968 ue
659 1919 723 1969 tum
740 1910 862 1989 quidem
877 1931 944 1971 cum
960 1920 1100 1971 auctores
1115 1912 1250 1987 liaberet,
1267 1920 1293 1975 0
1309 1919 1344 1977 84
1450 1942 1452 1995 ᾖ

122 2013 206 2070 quos
226 1994 282 2051 etsi
301 2015 459 2073 perverse,
484 1998 589 2055 saltem
612 1994 801 2074 aliquatenus
826 1997 1006 2058 imitaretur.
1050 1998 1144 2075 Apud
1159 2018 1249 2077 quem

23 2143 24 2152 ,
126 2076 274 2138 Chaereas
291 2089 419 2139 vocatur
442 2080 612 2140 Historicus
626 2089 657 2139 et
672 2078 803 2155 Cliniae,
828 2088 971 2164 Marsyas
987 2082 1248 2142 Macedonicarum

123 2182 230 2221 rerum
251 2164 381 2244 scriptor
402 2176 433 2226 et
454 2164 669 2246 Delphicsrum
692 2164 844 2245 Apellae.-
866 2188 922 2225 nec
940 2178 1040 2227 tamen
1065 2166 1194 2227 Chaerea
1218 2178 1249 2229 et

23 2277 27 2331 ³,
127 2246 232 2307 Gliseia
250 2248 283 2307 in
306 2251 486 2329 Comoedia,
507 2270 606 2329 neque
630 2250 749 2310 Horatii
768 2250 896 2335 Marsya
918 2261 949 2312 et
962 2250 1076 2334 Apella
1090 2253 1247 2313 tenacissi-

23 2387 24 2400 ,
123 2354 207 2393 mam
221 2334 287 2414 ejus
301 2338 474 2397 memoriam
493 2339 597 2413 lugere
610 2345 785 2415 potuerunt.

24 2498 25 2501 Ἴ
213 2420 345 2479 Tantum
369 2421 451 2501 quad
474 2422 551 2483 haec
578 2423 775 2501 scripseram,
804 2420 881 2481 Milli
908 2420 1143 2503 jucundissime:
1177 2441 1245 2482 cum

124 2505 286 2565 eccemilii
301 2527 380 2566 nova
396 2530 446 2567 res
468 2520 558 2588 stilus
580 2511 743 2587 improvise
767 2508 943 2583 stuncietur,
967 2527 1044 2585 quae
1066 2506 1103 2565 de
1124 2516 1247 2567 senten-

124 2591 188 2649 tiae
203 2612 251 2649 me
267 2612 351 2651 meae
363 2603 444 2653 statu
460 2587 682 2673 propemodum
694 2592 814 2671 dejecit.
857 2590 1031 2666 Enimvero,
1052 2588 1133 2674 qaod
1148 2592 1179 2651 in
1196 2615 1246 2651 su-

122 2676 241 2757 periore
256 2698 349 2736 caasa
358 2674 517 2757 probanda
532 2691 684 2757 tantopere
700 2674 891 2752 desudarem,
913 2674 1122 2820 ²²5&ssqu
1145 2698 1246 2757 meque

23 2755 25 2830 J
124 2764 159 2821 in
177 2782 213 2820 ea
230 2758 442 2843 disceptatione
454 2786 577 2844 prorsas
589 2759 938 2835 ἄσκοπατετοξευκέναι.
1008 2784 1056 2819 am
1070 2756 1153 2841 apud
1169 2758 1245 2821 Con.

23 2839 24 2908 J
124 2849 291 2907 stantinam
307 2863 335 2905 es
349 2848 570 2908 Damascenam
584 2854 641 2910 τοῦ
656 2846 784 2911 Mal-lla
802 2868 888 2926 posse
909 2868 1013 2907 nomen
1034 2842 1245 2905 indeclinabile

23 2921 24 2930 ἵ
124 2952 203 2993 esse:
226 2954 317 3011 nepae
330 2932 487 2993 abhorrere
498 2932 538 2992 ah
555 2958 610 2993 usa
627 2929 824 3003 Graecorum,
847 2947 880 2991 at
895 2933 1016 2991 aomina
1034 2928 1164 2989 barbara
1181 2931 1244 2989 sine

123 3018 291 3077 variatione
318 3040 441 3078 casuum
468 3016 679 3101 proferantur,
713 3022 770 3080 τοῦ
795 3023 943 3097 Αμμοῦν,
971 3012 1025 3078 τᾶν
1050 3011 1173 3092 Ανούβ,
1201 3018 1244 3097 cpi

123 3098 273 3181 Asiadis,
294 3108 351 3165 τοῦ
371 3100 467 3183 meix,
496 3108 554 3166 τοῦ
572 3109 688 3181 Alanoi
702 3119 756 3163 etc.
784 3118 926 3161 sexcenta
950 3098 1018 3159 clari
1029 3098 1197 3160 masculina
1211 3102 1243 3158 in

123 3187 179 3263 A,
201 3183 418 3267 attrahas,
441 3185 577 3263 stlta,
599 3184 738 3263 boavi,
762 3184 918 3266 ὅΣιβοῖἰη
935 3183 1002 3247 Vct.
1019 3186 1098 3243 Test.
1115 3182 1130 3246 ὁ
1146 3180 1242 3263 Zapd,

124 3272 145 3334 ti
167 3274 250 3350 Αβία
270 3274 303 3332 in
329 3272 437 3335 Novo.-
463 3272 607 3352 Syrorum
630 3276 779 3333 nationem
811 3268 944 3352 (Syram
968 3284 1065 3328 autem
1087 3292 1146 3327 esse
1164 3266 1243 3328 hunc

124 3356 302 3441 Malelam)
324 3380 425 3418 amare
444 3360 612 3419 nominoio
629 3358 665 3417 A
678 3356 795 3417 literam
814 3357 971 3428 exeuntia,
993 3352 1137 3423 Matuta,
1163 3350 1242 3411 Bar-

124 3466 221 3513 soma,
235 3460 262 3504 et
276 3442 418 3526 pleraque
432 3446 549 3504 omnia:
571 3444 616 3503 sia
631 3457 658 3502 et
673 3441 800 3503 Arabas
813 3462 929 3523 quoque
942 3434 1092 3511 Abdalla,
1104 3434 1232 3496 Mashal

124 3527 178 3604 la,
203 3528 360 3609 Taphala,
382 3545 409 3587 et
422 3532 511 3611 siqua
528 3543 596 3589 sant
615 3526 700 3589 alia:
722 3548 874 3588 occurrere
895 3522 1019 3605 denique
1033 3519 1115 3601 apud
1131 3518 1242 3581 Canta.

124 3636 267 3675 carenam
285 3610 424 3687 Ιωάννης
446 3612 600 3691 Περάλτα,
622 3628 649 3671 et
661 3610 744 3692 apud
763 3608 967 3689 Theophanem
991 3604 1131 3685 Ιωόννης
1146 3604 1162 3667 b
1175 3606 1241 3671 tat-

122 3705 201 3775 κλην
221 3704 371 3779 Ημούλα,
393 3699 539 3760 loannem
561 3712 754 3778 cognomento
775 3691 924 3767 Hemala,
947 3689 1107 3753 secandam
1132 3690 1169 3749 V
1164 3693 1241 3751 icto-

123 3808 184 3845 rem
206 3786 421 3847 Tananensem.
472 3786 535 3863 Ego
562 3804 656 3859 vero,
684 3802 857 3861 quanquam
883 3780 1011 3838 sortasse
1030 3776 1240 3857 praestabilius

123 3882 221 3942 esset,
245 3883 281 3931 ut
298 3892 336 3929 ex
351 3874 519 3930 esriicorum
539 3869 664 3929 consilio
684 3866 912 3948 supersederem
930 3864 1033 3923 labore
1051 3862 1240 3943 responden-

122 3955 174 4031 di,
203 3956 298 4016 libera
323 3978 389 4017 esse
410 3956 527 4037 judicia
547 3956 692 4015 sinerem:
722 3951 865 4012 constitui
887 3960 987 4009 tamen
1006 3948 1151 4009 devorare
1174 3967 1240 4011 eam

122 4042 307 4118 molestiem3
331 4054 363 4102 et
378 4063 414 4101 eo
432 4042 553 4122 quidem
567 4042 684 4115 animo,
709 4040 826 4101 nullum
844 4046 879 4095 ut
905 4046 1055 4095 certamen
1075 4034 1241 4107 instituam,

123 4147 223 4207 neque
238 4129 316 4190 enim
328 4138 497 4208 temperato
515 4128 631 4187 calamo
650 4146 702 4184 res
719 4134 839 4201 agotum
862 4122 913 4181 sed
929 4130 962 4181 ut
976 4120 1068 4179 semel
1084 4119 1239 4195 defungar,

124 4232 183 4273 nec
205 4215 337 4275 tacendo
356 4215 560 4290 committam,
589 4220 624 4272 ut
643 4211 766 4270 odiosae
786 4206 859 4270 mibi
881 4208 918 4267 de
942 4208 1010 4266 lena
1032 4205 1156 4282 caprina
1172 4204 1239 4263 lites

124 4312 319 4365 succrescant
333 4301 366 4362 in
386 4310 551 4385 posterum.
594 4298 668 4360 Dico
687 4298 791 4379 itaque
808 4314 908 4377 neque
927 4290 1098 4368 cassinati,
1121 4290 1158 4351 de
1178 4308 1238 4368 <pua
