2950 4817
116 367 119 373 Ι
214 293 315 338 mu
590 261 940 334 Pronnoounnr

210 442 242 502 ru
258 438 338 520 egre
353 433 582 517 onerare,
602 437 636 500 in
651 451 730 518 pege
750 435 834 503 nsaw
856 461 944 520 ,upa
965 435 1108 504 Waum
1130 438 1233 518 aion,
1256 449 1287 502 a
1307 439 1343 502 in

209 543 269 606 hac
289 539 455 604 Academia
474 551 581 602 noetra
599 541 633 601 in
648 539 784 623 Colleffio
798 539 1031 624 Magdoler'eemi
1050 543 1235 623 tyrocinium
1250 561 1342 604 enum

208 647 328 729 poeuit3
354 653 425 725 poet
445 641 546 706 Aeta
566 641 633 726 (aio
650 640 816 726 Collegium
838 649 1003 725 vocemur)
1035 641 1147 708 Uenuli
1165 645 1342 706 sacellanue

209 749 323 824 evaeit,
346 746 492 829 edjmcto
513 747 559 809 illi
585 747 689 810 Sodali
709 757 741 810 et
755 750 928 828 Symmyeu
947 745 1063 810 Ionem
1080 745 1242 829 Gregorio,
1262 747 1341 808 Viro

210 852 272 913 alio
305 851 422 932 periter
449 850 607 929 omnigena
644 849 818 913 eruditione
846 847 1089 912 ioetructieeinro.
1149 849 1224 910 Inde
1258 869 1342 910 anno

210 974 385 1016 roronem.
404 961 533 1034 propter
552 951 727 1014 fidelitatem
743 972 812 1032 erga
823 953 947 1032 Regiam
966 951 1153 1032 Majeetrtenr
1169 949 1342 1014 Porlimerr-

211 1059 293 1118 m
306 1056 487 1118 Vieitatione
503 1055 637 1137 ejectae,
657 1055 697 1117 nd
718 1055 787 1118 illae
810 1055 963 1134 engnetiee
991 1063 1037 1116 eet
1058 1053 1213 1132 redactus,
1235 1064 1271 1116 ut
1286 1075 1344 1116 ne·

214 1179 297 1220 ceree
323 1157 467 1220 habuerit
491 1179 530 1218 ex
552 1157 680 1220 Murice
712 1155 810 1240 (lieni
841 1177 931 1237 quam
961 1156 1146 1218 infoeliciter
1178 1155 1343 1220 Murem

215 1257 409 1340 Alumnuel)
431 1259 489 1320 eibi
510 1270 631 1321 tenuem
653 1261 770 1320 victum
795 1279 989 1340 comparare,
1021 1279 1059 1320 ex
1077 1258 1156 1338 etipe
1179 1259 1240 1320 vir.
1264 1277 1343 1318 con·

215 1372 325 1424 ventur
340 1361 590 1439 Hebdomadelie,
612 1381 716 1441 quem,
738 1361 863 1424 adacitie
879 1360 936 1421 eibi
950 1361 1040 1422 eooiie
1055 1359 1237 1441 quibusdam
1251 1361 1342 1440 Syrn—

214 1464 390 1546 plroniacie,
416 1460 554 1524 Loadioi
575 1465 763 1529 inetitneret.
813 1465 918 1544 Neque
935 1464 964 1526 ei
982 1474 1085 1526 tannen
1107 1461 1344 1524 desuitrnuuifi-

217 1567 316 1628 centia
333 1566 492 1628 clarissimi
506 1565 582 1643 viri,
602 1563 743 1628 Eduardi
758 1563 892 1644 Bieecei,
915 1567 1059 1646 Equestri
1070 1565 1187 1628 honore
1200 1575 1343 1646 poetmo-

215 1669 288 1730 dum
307 1668 460 1747 ineigniti,
482 1667 673 1748 quommodo
686 1667 893 1743 laudavimue3
915 1689 1006 1747 quem
1020 1668 1138 1748 experti
1154 1668 1343 1740 amieriam,

215 1782 248 1834 et
263 1770 316 1832 alii
327 1770 497 1832 calamitate
517 1782 689 1853 temporum
703 1770 824 1847 afflicti,
846 1779 875 1832 et
892 1767 1024 1835 doceare
1035 1769 1209 1851 praedictae
1228 1767 1344 1851 Grego-

214 1875 287 1935 n'ne.
343 1871 482 1934 Animam
511 1875 575 1935 Deo
600 1871 736 1936 reddidit
763 1891 831 1934 xlx.
855 1871 942 1936 Febr.
962 1893 1042 1934 anuo
1061 1891 1216 1936 rmcevur.
1236 1871 1343 1933 aetalia

215 1976 337 2037 circiter
351 1995 441 2037 ων.
484 1975 567 2038 Haec
581 1975 620 2036 de
640 1995 677 2036 eo
695 1973 860 2036 nodantur
875 1974 912 2036 rb
924 1973 1030 2036 Amico
1042 1984 1165 2046 noetio,
1186 1975 1260 2036 Viro
1282 1975 1343 2034 ine

214 2078 391 2159 tiqnitatuaa
405 2076 628 2159 Anglioorum,
650 2087 680 2138 et
693 2076 874 2156 pracsertim
894 2076 935 2138 ed
949 2077 1120 2158 Scriptorea
1140 2075 1344 2150 attinentium,

215 2180 419 2261 peritieaimo‚
439 2179 540 2260 deque
555 2179 653 2240 Matre
668 2199 722 2240 eue
737 2177 911 2243 Academia
933 2180 1042 2242 eximie
1057 2179 1180 2256 merito,
1201 2177 1342 2240 Amoaio

214 2303 235 2341 a
270 2279 406 2360 Woodo,
433 2281 467 2342 in
491 2278 636 2343 Hietorio
666 2296 695 2341 ee
721 2277 968 2364 Antiquitatibus
996 2279 1186 2346 Academiae
1208 2291 1342 2344 noatree·

214 2383 284 2444 Non
304 2404 382 2464 opue
401 2392 448 2444 eet
469 2392 504 2444 nt
528 2381 647 2464 aliquid
670 2383 802 2444 addatur
827 2382 865 2444 de
888 2379 1123 2466 chronographo
1152 2394 1276 2462 nostro,
1306 2394 1344 2446 ut

215 2484 338 2544 uetari
356 2493 387 2543 et
401 2484 477 2544 Orbi
490 2484 637 2546 Literario
658 2485 902 2552 commendatum
915 2485 1076 2547 faciemne:
1097 2483 1158 2548 hoo
1178 2489 1277 2550 aolnnr
1294 2488 1343 2550 di·

214 2586 298 2646 xieee
320 2584 490 2662 roffecerit,
515 2587 548 2648 in
571 2586 731 2668 publicum
753 2586 815 2667 jam
837 2588 924 2667 Opue
947 2585 1091 2668 prodire,
1114 2591 1199 2671 quod
1225 2613 1243 2652 e
1265 2591 1342 2652 viria

216 2685 376 2748 eruditior
395 2687 521 2748 totidem
537 2690 623 2749 annia
637 2709 819 2770 magnopere
837 2690 897 2754 tuit
910 2690 1078 2770 expetitum
1093 2715 1129 2756 ac
1145 2704 1342 2775 exoptatum

216 2789 304 2870 Opua
324 2789 484 2850 contineor
508 2790 749 2870 quamplurima,
779 2811 873 2871 quae,
902 2791 962 2852 niai
990 2793 1022 2852 in
1046 2815 1153 2857 manue
1179 2797 1341 2858 elatebrie

217 2891 282 2950 eaia
299 2890 449 2968 ederetur,
470 2893 522 2952 vel
537 2892 682 2954 Virorum
694 2895 895 2954 maximorum
911 2895 1067 2956 ecieutiern
1081 2897 1228 2978 ingieeeot
1244 2898 1341 2974 omni„

215 3013 274 3070 no,
296 2995 388 3074 inque
408 2993 541 3054 tenebrie
565 2995 866 3074 proreuelatnieeent.
909 2997 949 3058 Et
961 2999 1045 3076 quie,
1068 3017 1197 3078 quaero,
1219 2998 1341 3063 Litern-

216 3110 331 3173 comm,
361 3093 483 3158 &num
506 3098 665 3178 antiquum
686 3097 771 3178 quod
791 3099 884 3159 multe
906 3097 1010 3177 ignota
1030 3101 1192 3182 patefecit,
1221 3101 1340 3162 idcirco

215 3197 300 3278 qnod
315 3195 389 3258 rude
402 3207 434 3260 et
449 3197 620 3261 scobronum
636 3201 693 3278 ait,
716 3201 800 3282 quod
820 3200 953 3260 aminue
974 3201 1078 3280 perito
1099 3205 1214 3287 arefiet
1228 3203 1342 3266 Chare-

215 3309 315 3362 cteree
332 3299 502 3382 iuecnlptoe
518 3299 644 3380 habeat,
666 3301 857 3382 contemptui
874 3301 1022 3364 duceret?
1052 3305 1129 3380 Quia
1148 3305 1252 3384 potine
1276 3325 1341 3366 non

214 3401 361 3480 gauderet
378 3423 395 3463 o
413 3417 493 3462 terro
512 3404 574 3484 jam
596 3406 660 3466 erni
679 3404 765 3465 talei
786 3405 826 3464 Et
840 3403 907 3484 quie
930 3407 1042 3467 emenii
1054 3427 1116 3467 non
1134 3416 1220 3487 grute
1235 3427 1268 3470 ce
1283 3407 1340 3470 ob·

214 3502 356 3563 strictum
372 3505 565 3582 agnoeceret'l

281 3805 424 3861 nolebant.
458 3804 531 3860 illiue
547 3806 693 3864 honorifica
708 3808 742 3864 fit
758 3807 854 3865 mentio
872 3808 943 3881 epod
961 3809 1157 3880 Praefatiooeea
1171 3811 1205 3868 ad
1219 3811 1254 3866 D.
1267 3813 1337 3868 Here.

285 3891 430 3959 Hieroni,
448 3892 564 3962 Equitio,
581 3893 732 3950 Vereiooear
749 3897 925 3966 Auglicoocm
940 3897 1117 3952 Historiarum
1135 3899 1255 3968 Procopii
1269 3902 1338 3954 cae·

280 3978 418 4045 anemae,
438 3979 483 4032 ubi
499 3978 596 4036 dicitrn
612 3979 681 4035 illine
694 3982 796 4051 jndicio
814 3991 843 4038 et
859 4001 986 4038 cenaorae
1005 3985 1157 4040 Vereionem
1174 3984 1252 4040 iatum
1269 3985 1339 4040 sule·

280 4080 312 4119 ee
335 4064 504 4130 aubuiaeen,
535 4083 646 4137 cunque
670 4069 785 4124 Graecia
808 4071 927 4126 collatam
949 4077 977 4124 et
1000 4079 1145 4126 correctam
1169 4071 1258 4126 iniere
1301 4073 1338 4126 ut

281 4151 389 4204 nullm
413 4158 554 4221 praeterea
570 4153 652 4208 debet
666 4155 833 4212 Bibliotheca
852 4163 942 4212 noetre
960 4159 1112 4212 Oroaienee'e
1128 4159 1163 4212 ob
1179 4157 1338 4230 Crialognm

283 4253 360 4307 quen
376 4237 516 4294 coneric
535 4238 671 4298 Libram
689 4243 852 4301 Graecorum
869 4243 949 4298 MSS.
966 4245 1195 4300 Boeoeoe'caoraea.
