<?xml version="1.0" encoding="UTF-8"?>
<!DOCTYPE html PUBLIC "-//W3C//DTD XHTML 1.0 Transitional//EN"
    "http://www.w3.org/TR/xhtml1/DTD/xhtml1-transitional.dtd">
<html xmlns="http://www.w3.org/1999/xhtml" xml:lang="en" lang="en">
 <head>
  <title>
</title>
<meta http-equiv="Content-Type" content="text/html;charset=utf-8" />
  <meta name='ocr-system' content='tesseract 3.04.00' />
  <meta name='ocr-capabilities' content='ocr_page ocr_carea ocr_par ocr_line ocrx_word'/>
</head>
<body>
  <div class='ocr_page' id='page_1' title='image "./corpusscriptoru35theogoog/corpusscriptoru35theogoog_0042.png"; bbox 0 0 2950 4817; ppageno 0'>
   <div class='ocr_carea' id='block_1_1' title="bbox 242 286 976 402">
    <p class='ocr_par' dir='ltr' id='par_1_1' title="bbox 242 286 976 402">
     <span class='ocr_line' id='line_1_1' title="bbox 242 286 976 402; baseline -0.02 -32"><span class='ocrx_word' id='word_1_1' title='bbox 242 325 339 371; x_wconf 74' lang='lat' dir='ltr'>xxxvi</span> <span class='ocrx_word' id='word_1_2' title='bbox 480 394 481 402; x_wconf 8' lang='grc' dir='ltr'>ἵ</span> <span class='ocrx_word' id='word_1_3' title='bbox 625 286 976 357; x_wconf 74' lang='lat' dir='ltr'><strong>PROLEGOMENA.</strong></span> 
     </span>
    </p>
   </div>
   <div class='ocr_carea' id='block_1_2' title="bbox 140 463 1420 3911">
    <p class='ocr_par' dir='ltr' id='par_1_2' title="bbox 140 463 1420 1477">
     <span class='ocr_line' id='line_1_2' title="bbox 329 463 1362 530; baseline -0.013 -1"><span class='ocrx_word' id='word_1_4' title='bbox 329 468 399 530; x_wconf 81' lang='grc' dir='ltr'>ΧΗ.</span> <span class='ocrx_word' id='word_1_5' title='bbox 443 466 551 527; x_wconf 81' lang='lat' dir='ltr'>illrum</span> <span class='ocrx_word' id='word_1_6' title='bbox 579 468 660 528; x_wconf 86' lang='lat' dir='ltr'>urnni</span> <span class='ocrx_word' id='word_1_7' title='bbox 694 464 860 527; x_wconf 77' lang='lat' dir='ltr'>Haereseos</span> <span class='ocrx_word' id='word_1_8' title='bbox 887 464 956 525; x_wconf 85' lang='lat' dir='ltr'>lube</span> <span class='ocrx_word' id='word_1_9' title='bbox 978 463 1120 523; x_wconf 89' lang='lat' dir='ltr'>immunis</span> <span class='ocrx_word' id='word_1_10' title='bbox 1151 468 1230 521; x_wconf 80' lang='lat' dir='ltr'>estet</span> <span class='ocrx_word' id='word_1_11' title='bbox 1258 464 1362 517; x_wconf 89' lang='lat' dir='ltr'>noster</span> 
     </span>
     <span class='ocr_line' id='line_1_3' title="bbox 246 558 1362 651; baseline -0.017 -16"><span class='ocrx_word' id='word_1_12' title='bbox 246 568 519 651; x_wconf 84' lang='lat' dir='ltr'>Chronogrsphus,</span> <span class='ocrx_word' id='word_1_13' title='bbox 543 590 581 630; x_wconf 84' lang='lat' dir='ltr'>un</span> <span class='ocrx_word' id='word_1_14' title='bbox 603 570 706 651; x_wconf 86' lang='lat' dir='ltr'>potins</span> <span class='ocrx_word' id='word_1_15' title='bbox 728 569 844 628; x_wconf 80' lang='lat' dir='ltr'>fureret</span> <span class='ocrx_word' id='word_1_16' title='bbox 866 566 1093 648; x_wconf 70' lang='lat' dir='ltr'>praedicturum</span> <span class='ocrx_word' id='word_1_17' title='bbox 1110 558 1362 638; x_wconf 62' lang='lat' dir='ltr'>Melissos-uns</span> 
     </span>
     <span class='ocr_line' id='line_1_4' title="bbox 244 660 1363 760; baseline -0.013 -24"><span class='ocrx_word' id='word_1_18' title='bbox 244 675 381 760; x_wconf 83' lang='lat' dir='ltr'>partibus</span> <span class='ocrx_word' id='word_1_19' title='bbox 390 718 399 752; x_wconf 91' lang='lat'><strong><em>,</em></strong></span> <span class='ocrx_word' id='word_1_20' title='bbox 421 672 497 733; x_wconf 85' lang='lat' dir='ltr'>sdeo</span> <span class='ocrx_word' id='word_1_21' title='bbox 512 682 547 733; x_wconf 89' lang='lat' dir='ltr'>ut</span> <span class='ocrx_word' id='word_1_22' title='bbox 564 682 727 747; x_wconf 83' lang='lat' dir='ltr'>mercetur,</span> <span class='ocrx_word' id='word_1_23' title='bbox 750 688 819 730; x_wconf 90' lang='lat' dir='ltr'>cum</span> <span class='ocrx_word' id='word_1_24' title='bbox 839 669 922 729; x_wconf 88' lang='lat' dir='ltr'>dictu</span> <span class='ocrx_word' id='word_1_25' title='bbox 935 666 1052 729; x_wconf 73' lang='lat' dir='ltr'>Ioanne</span> <span class='ocrx_word' id='word_1_26' title='bbox 1064 664 1230 738; x_wconf 77' lang='lat' dir='ltr'>ilistorico,</span> <span class='ocrx_word' id='word_1_27' title='bbox 1251 660 1363 725; x_wconf 74' lang='lat' dir='ltr'>sidtu·</span> 
     </span>
     <span class='ocr_line' id='line_1_5' title="bbox 244 760 1362 863; baseline -0.021 -21"><span class='ocrx_word' id='word_1_28' title='bbox 244 772 424 863; x_wconf 72' lang='lat' dir='ltr'>sptsip&#39;seuc</span> <span class='ocrx_word' id='word_1_29' title='bbox 440 775 560 852; x_wconf 77' lang='lat' dir='ltr'>uudir03</span> <span class='ocrx_word' id='word_1_30' title='bbox 580 777 607 836; x_wconf 84' lang='lat' dir='ltr'>si</span> <span class='ocrx_word' id='word_1_31' title='bbox 624 775 746 855; x_wconf 86' lang='lat' dir='ltr'>quidem</span> <span class='ocrx_word' id='word_1_32' title='bbox 765 772 920 852; x_wconf 78' lang='lat' dir='ltr'>inquirere</span> <span class='ocrx_word' id='word_1_33' title='bbox 941 767 1215 851; x_wconf 78' lang='lat' dir='ltr'>operaepretium:</span> <span class='ocrx_word' id='word_1_34' title='bbox 1236 782 1299 822; x_wconf 90' lang='lat' dir='ltr'>non</span> <span class='ocrx_word' id='word_1_35' title='bbox 1308 760 1362 821; x_wconf 70' lang='lat' dir='ltr'>de</span> 
     </span>
     <span class='ocr_line' id='line_1_6' title="bbox 246 864 1362 969; baseline -0.02 -26"><span class='ocrx_word' id='word_1_36' title='bbox 246 892 319 943; x_wconf 87' lang='lat' dir='ltr'>sunt</span> <span class='ocrx_word' id='word_1_37' title='bbox 334 899 411 960; x_wconf 87' lang='lat' dir='ltr'>quse</span> <span class='ocrx_word' id='word_1_38' title='bbox 433 878 524 939; x_wconf 85' lang='lat' dir='ltr'>iidem</span> <span class='ocrx_word' id='word_1_39' title='bbox 545 878 672 959; x_wconf 74' lang='lat' dir='ltr'>semitm,</span> <span class='ocrx_word' id='word_1_40' title='bbox 694 878 775 936; x_wconf 87' lang='lat' dir='ltr'>inter</span> <span class='ocrx_word' id='word_1_41' title='bbox 796 872 966 969; x_wconf 68' lang='lat' dir='ltr'>Scriptores</span> <span class='ocrx_word' id='word_1_42' title='bbox 986 892 1054 931; x_wconf 87' lang='lat' dir='ltr'>enm</span> <span class='ocrx_word' id='word_1_43' title='bbox 1074 864 1273 931; x_wconf 70' lang='lat' dir='ltr'>Orelotioauus</span> <span class='ocrx_word' id='word_1_44' title='bbox 1296 882 1362 924; x_wconf 79' lang='lat' dir='ltr'>sess</span> 
     </span>
     <span class='ocr_line' id='line_1_7' title="bbox 247 966 1362 1067; baseline -0.019 -22"><span class='ocrx_word' id='word_1_45' title='bbox 247 984 351 1067; x_wconf 85' lang='lat' dir='ltr'>potius</span> <span class='ocrx_word' id='word_1_46' title='bbox 377 982 644 1041; x_wconf 78' lang='lat' dir='ltr'>annumerandum.</span> <span class='ocrx_word' id='word_1_47' title='bbox 694 976 889 1059; x_wconf 76' lang='lat' dir='ltr'>Imperatoris</span> <span class='ocrx_word' id='word_1_48' title='bbox 929 975 1044 1055; x_wconf 86' lang='lat' dir='ltr'>quippe</span> <span class='ocrx_word' id='word_1_49' title='bbox 1074 968 1236 1031; x_wconf 75' lang='lat' dir='ltr'>Iustiniani</span> <span class='ocrx_word' id='word_1_50' title='bbox 1261 966 1362 1042; x_wconf 81' lang='lat' dir='ltr'>lidum,</span> 
     </span>
     <span class='ocr_line' id='line_1_8' title="bbox 247 1070 1361 1167; baseline -0.017 -20"><span class='ocrx_word' id='word_1_51' title='bbox 247 1085 439 1167; x_wconf 72' lang='lat' dir='ltr'><strong>dogmatibus</strong></span> <span class='ocrx_word' id='word_1_52' title='bbox 453 1082 698 1158; x_wconf 76' lang='lat' dir='ltr'>Haereticotum,</span> <span class='ocrx_word' id='word_1_53' title='bbox 721 1099 799 1160; x_wconf 87' lang='lat' dir='ltr'>qnos</span> <span class='ocrx_word' id='word_1_54' title='bbox 811 1077 925 1139; x_wconf 83' lang='lat' dir='ltr'>Edictis</span> <span class='ocrx_word' id='word_1_55' title='bbox 935 1078 986 1136; x_wconf 90' lang='lat' dir='ltr'>ille</span> <span class='ocrx_word' id='word_1_56' title='bbox 999 1075 1212 1146; x_wconf 75' lang='lat' dir='ltr'>damnauerat,</span> <span class='ocrx_word' id='word_1_57' title='bbox 1235 1070 1361 1150; x_wconf 84' lang='lat' dir='ltr'>opposi-</span> 
     </span>
     <span class='ocr_line' id='line_1_9' title="bbox 249 1179 1365 1267; baseline -0.02 -15"><span class='ocrx_word' id='word_1_58' title='bbox 249 1200 319 1266; x_wconf 84' lang='lat' dir='ltr'>tum,</span> <span class='ocrx_word' id='word_1_59' title='bbox 337 1184 548 1250; x_wconf 71' lang='lat' dir='ltr'>Ortlsudoscum</span> <span class='ocrx_word' id='word_1_60' title='bbox 564 1186 706 1267; x_wconf 82' lang='lat' dir='ltr'>appellet.</span> <span class='ocrx_word' id='word_1_61' title='bbox 750 1180 927 1242; x_wconf 82' lang='lat' dir='ltr'>Haeresium</span> <span class='ocrx_word' id='word_1_62' title='bbox 945 1179 1086 1258; x_wconf 83' lang='lat' dir='ltr'>(inquit)</span> <span class='ocrx_word' id='word_1_63' title='bbox 1106 1188 1265 1237; x_wconf 70' lang='lat' dir='ltr'>sectatores</span> <span class='ocrx_word' id='word_1_64' title='bbox 1277 1193 1365 1253; x_wconf 81' lang='lat' dir='ltr'>quos·</span> 
     </span>
     <span class='ocr_line' id='line_1_10' title="bbox 249 1273 1420 1375; baseline -0.02 -21"><span class='ocrx_word' id='word_1_65' title='bbox 249 1312 363 1375; x_wconf 68' lang='lat' dir='ltr'>cunque</span> <span class='ocrx_word' id='word_1_66' title='bbox 382 1286 517 1348; x_wconf 79' lang='lat' dir='ltr'>Romani</span> <span class='ocrx_word' id='word_1_67' title='bbox 530 1282 653 1369; x_wconf 81' lang='lat' dir='ltr'>Imperii</span> <span class='ocrx_word' id='word_1_68' title='bbox 661 1282 782 1371; x_wconf 82' lang='lat' dir='ltr'>finibus</span> <span class='ocrx_word' id='word_1_69' title='bbox 796 1280 939 1345; x_wconf 74' lang='lat' dir='ltr'>excedere</span> <span class='ocrx_word' id='word_1_70' title='bbox 950 1283 1056 1363; x_wconf 74' lang='lat' dir='ltr'>jussit,</span> <span class='ocrx_word' id='word_1_71' title='bbox 1078 1273 1198 1339; x_wconf 70' lang='lat' dir='ltr'>indultu</span> <span class='ocrx_word' id='word_1_72' title='bbox 1212 1289 1311 1333; x_wconf 84' lang='lat' dir='ltr'>tomen</span> <span class='ocrx_word' id='word_1_73' title='bbox 1322 1273 1364 1332; x_wconf 88' lang='lat' dir='ltr'>eis</span> <span class='ocrx_word' id='word_1_74' title='bbox 1410 1346 1420 1353; x_wconf 87' lang='lat'>.</span> 
     </span>
     <span class='ocr_line' id='line_1_11' title="bbox 140 1374 1362 1477; baseline -0.011 -23"><span class='ocrx_word' id='word_1_75' title='bbox 140 1396 145 1411; x_wconf 90' lang='lat'>&#39;</span> <span class='ocrx_word' id='word_1_76' title='bbox 246 1418 299 1477; x_wconf 83' lang='lat' dir='ltr'>per</span> <span class='ocrx_word' id='word_1_77' title='bbox 317 1407 374 1453; x_wconf 87' lang='lat' dir='ltr'>tres</span> <span class='ocrx_word' id='word_1_78' title='bbox 394 1410 504 1450; x_wconf 85' lang='lat' dir='ltr'>menses</span> <span class='ocrx_word' id='word_1_79' title='bbox 526 1386 648 1449; x_wconf 83' lang='lat' dir='ltr'>licentio</span> <span class='ocrx_word' id='word_1_80' title='bbox 664 1390 691 1448; x_wconf 89' lang='lat' dir='ltr'>si</span> <span class='ocrx_word' id='word_1_81' title='bbox 707 1388 761 1472; x_wconf 84' lang='lat' dir='ltr'>qui</span> <span class='ocrx_word' id='word_1_82' title='bbox 779 1410 834 1469; x_wconf 84' lang='lat' dir='ltr'>per</span> <span class='ocrx_word' id='word_1_83' title='bbox 853 1383 888 1446; x_wconf 76' lang='lat' dir='ltr'>td</span> <span class='ocrx_word' id='word_1_84' title='bbox 905 1399 1018 1466; x_wconf 85' lang='lat' dir='ltr'>tempus</span> <span class='ocrx_word' id='word_1_85' title='bbox 1031 1380 1136 1443; x_wconf 80' lang='lat' dir='ltr'>Fttem</span> <span class='ocrx_word' id='word_1_86' title='bbox 1152 1374 1362 1437; x_wconf 71' lang='lat' dir='ltr'>Orthodmm</span> 
     </span>
    </p>

    <p class='ocr_par' dir='ltr' id='par_1_3' title="bbox 165 1478 1394 3911">
     <span class='ocr_line' id='line_1_12' title="bbox 165 1478 1363 1576; baseline -0.017 -21"><span class='ocrx_word' id='word_1_87' title='bbox 165 1560 169 1565; x_wconf 69' lang='grc'>,</span> <span class='ocrx_word' id='word_1_88' title='bbox 247 1488 478 1576; x_wconf 72' lang='lat' dir='ltr'>amplecteretur.</span> <span class='ocrx_word' id='word_1_89' title='bbox 521 1490 571 1550; x_wconf 88' lang='lat' dir='ltr'>Sic</span> <span class='ocrx_word' id='word_1_90' title='bbox 585 1490 644 1550; x_wconf 84' lang='lat' dir='ltr'>aliu</span> <span class='ocrx_word' id='word_1_91' title='bbox 662 1490 692 1549; x_wconf 89' lang='lat' dir='ltr'>in</span> <span class='ocrx_word' id='word_1_92' title='bbox 706 1490 774 1549; x_wconf 90' lang='lat' dir='ltr'>loco</span> <span class='ocrx_word' id='word_1_93' title='bbox 788 1490 826 1549; x_wconf 91' lang='lat' dir='ltr'>de</span> <span class='ocrx_word' id='word_1_94' title='bbox 839 1485 1024 1547; x_wconf 76' lang='lat' dir='ltr'>lustinisnus</span> <span class='ocrx_word' id='word_1_95' title='bbox 1048 1480 1111 1543; x_wconf 82' lang='lat' dir='ltr'>Sol</span> <span class='ocrx_word' id='word_1_96' title='bbox 1125 1478 1208 1541; x_wconf 81' lang='lat' dir='ltr'>illius</span> <span class='ocrx_word' id='word_1_97' title='bbox 1226 1478 1363 1557; x_wconf 86' lang='lat' dir='ltr'>(inquit)</span> 
     </span>
     <span class='ocr_line' id='line_1_13' title="bbox 248 1579 1364 1678; baseline -0.015 -22"><span class='ocrx_word' id='word_1_98' title='bbox 248 1596 372 1678; x_wconf 83' lang='lat' dir='ltr'>imperio</span> <span class='ocrx_word' id='word_1_99' title='bbox 383 1590 566 1652; x_wconf 80' lang='lat' dir='ltr'>Haeresilus</span> <span class='ocrx_word' id='word_1_100' title='bbox 578 1592 669 1652; x_wconf 62' lang='lat' dir='ltr'>curin</span> <span class='ocrx_word' id='word_1_101' title='bbox 686 1589 876 1652; x_wconf 77' lang='lat' dir='ltr'>interdictum</span> <span class='ocrx_word' id='word_1_102' title='bbox 895 1602 947 1649; x_wconf 77' lang='lat' dir='ltr'>eet.</span> <span class='ocrx_word' id='word_1_103' title='bbox 992 1588 1075 1645; x_wconf 88' lang='lat' dir='ltr'>luter</span> <span class='ocrx_word' id='word_1_104' title='bbox 1088 1585 1162 1644; x_wconf 82' lang='lat' dir='ltr'>istus</span> <span class='ocrx_word' id='word_1_105' title='bbox 1177 1601 1251 1643; x_wconf 81' lang='lat' dir='ltr'>uero</span> <span class='ocrx_word' id='word_1_106' title='bbox 1266 1579 1364 1641; x_wconf 88' lang='lat' dir='ltr'>nomi·</span> 
     </span>
     <span class='ocr_line' id='line_1_14' title="bbox 248 1682 1363 1773; baseline -0.012 -17"><span class='ocrx_word' id='word_1_107' title='bbox 248 1697 340 1757; x_wconf 84' lang='lat' dir='ltr'>nstim</span> <span class='ocrx_word' id='word_1_108' title='bbox 355 1694 447 1753; x_wconf 83' lang='lat' dir='ltr'>fuisse</span> <span class='ocrx_word' id='word_1_109' title='bbox 460 1692 661 1773; x_wconf 74' lang='lat' dir='ltr'>Eutychianos</span> <span class='ocrx_word' id='word_1_110' title='bbox 677 1693 892 1766; x_wconf 88' lang='lat' dir='ltr'>interdictum,</span> <span class='ocrx_word' id='word_1_111' title='bbox 919 1711 957 1750; x_wconf 91' lang='lat' dir='ltr'>ex</span> <span class='ocrx_word' id='word_1_112' title='bbox 978 1688 1093 1749; x_wconf 81' lang='lat' dir='ltr'>Edictis</span> <span class='ocrx_word' id='word_1_113' title='bbox 1105 1689 1141 1753; x_wconf 80' lang='lat'>5⁰</span> <span class='ocrx_word' id='word_1_114' title='bbox 1167 1696 1199 1747; x_wconf 88' lang='lat' dir='ltr'>et</span> <span class='ocrx_word' id='word_1_115' title='bbox 1222 1687 1259 1751; x_wconf 80' lang='lat'>6⁰</span> <span class='ocrx_word' id='word_1_116' title='bbox 1280 1682 1363 1764; x_wconf 78' lang='lat' dir='ltr'>apud</span> 
     </span>
     <span class='ocr_line' id='line_1_15' title="bbox 252 1786 1363 1873; baseline -0.013 -14"><span class='ocrx_word' id='word_1_117' title='bbox 252 1792 389 1859; x_wconf 79' lang='lat' dir='ltr'>Guclicem</span> <span class='ocrx_word' id='word_1_118' title='bbox 401 1791 635 1860; x_wconf 78' lang='lat' dir='ltr'>Iustinianueuns</span> <span class='ocrx_word' id='word_1_119' title='bbox 651 1796 685 1855; x_wconf 89' lang='lat' dir='ltr'>in</span> <span class='ocrx_word' id='word_1_120' title='bbox 704 1793 807 1856; x_wconf 87' lang='lat' dir='ltr'>Titulu</span> <span class='ocrx_word' id='word_1_121' title='bbox 823 1798 865 1859; x_wconf 85' lang='lat'>1⁰.</span> <span class='ocrx_word' id='word_1_122' title='bbox 878 1794 912 1853; x_wconf 84' lang='lat' dir='ltr'>fit</span> <span class='ocrx_word' id='word_1_123' title='bbox 925 1792 1134 1873; x_wconf 87' lang='lat' dir='ltr'>conspicuum.</span> <span class='ocrx_word' id='word_1_124' title='bbox 1169 1790 1266 1848; x_wconf 82' lang='lat' dir='ltr'>Detur</span> <span class='ocrx_word' id='word_1_125' title='bbox 1284 1786 1363 1847; x_wconf 79' lang='lat' dir='ltr'>elius</span> 
     </span>
     <span class='ocr_line' id='line_1_16' title="bbox 249 1894 1363 1979; baseline -0.007 -22"><span class='ocrx_word' id='word_1_126' title='bbox 249 1897 373 1979; x_wconf 85' lang='lat' dir='ltr'>quidem</span> <span class='ocrx_word' id='word_1_127' title='bbox 389 1894 422 1953; x_wconf 93' lang='lat' dir='ltr'>in</span> <span class='ocrx_word' id='word_1_128' title='bbox 442 1916 480 1955; x_wconf 90' lang='lat' dir='ltr'>eu</span> <span class='ocrx_word' id='word_1_129' title='bbox 494 1896 598 1975; x_wconf 86' lang='lat' dir='ltr'>lucus,</span> <span class='ocrx_word' id='word_1_130' title='bbox 622 1899 673 1977; x_wconf 89' lang='lat' dir='ltr'>qui</span> <span class='ocrx_word' id='word_1_131' title='bbox 696 1899 798 1958; x_wconf 83' lang='lat' dir='ltr'>iurssn</span> <span class='ocrx_word' id='word_1_132' title='bbox 819 1895 973 1963; x_wconf 77' lang='lat' dir='ltr'>nonnullis</span> <span class='ocrx_word' id='word_1_133' title='bbox 993 1894 1136 1955; x_wconf 82' lang='lat' dir='ltr'>rideatur</span> <span class='ocrx_word' id='word_1_134' title='bbox 1153 1898 1363 1971; x_wconf 79' lang='lat' dir='ltr'>argumentum</span> 
     </span>
     <span class='ocr_line' id='line_1_17' title="bbox 175 1991 1364 2088; baseline -0.008 -28"><span class='ocrx_word' id='word_1_135' title='bbox 175 2076 184 2088; x_wconf 91' lang='lat'><em>.</em></span> <span class='ocrx_word' id='word_1_136' title='bbox 248 1997 494 2074; x_wconf 75' lang='lat' dir='ltr'>subministrare,</span> <span class='ocrx_word' id='word_1_137' title='bbox 521 2018 589 2059; x_wconf 88' lang='lat' dir='ltr'>eum</span> <span class='ocrx_word' id='word_1_138' title='bbox 623 1997 872 2084; x_wconf 75' lang='lat' dir='ltr'>Eutychianurum</span> <span class='ocrx_word' id='word_1_139' title='bbox 893 1997 1085 2079; x_wconf 70' lang='lat' dir='ltr'>opinionibus</span> <span class='ocrx_word' id='word_1_140' title='bbox 1105 1995 1234 2054; x_wconf 89' lang='lat' dir='ltr'>tinctum</span> <span class='ocrx_word' id='word_1_141' title='bbox 1253 1991 1364 2063; x_wconf 78' lang='lat' dir='ltr'>fuisse3</span> 
     </span>
     <span class='ocr_line' id='line_1_18' title="bbox 250 2094 1365 2163; baseline -0.01 -1"><span class='ocrx_word' id='word_1_142' title='bbox 250 2102 335 2163; x_wconf 86' lang='lat' dir='ltr'>locus</span> <span class='ocrx_word' id='word_1_143' title='bbox 364 2098 483 2159; x_wconf 85' lang='lat' dir='ltr'>scilicet</span> <span class='ocrx_word' id='word_1_144' title='bbox 504 2099 561 2159; x_wconf 80' lang='lat' dir='ltr'>iste</span> <span class='ocrx_word' id='word_1_145' title='bbox 584 2099 638 2159; x_wconf 87' lang='lat' dir='ltr'>ubi</span> <span class='ocrx_word' id='word_1_146' title='bbox 663 2100 755 2161; x_wconf 84' lang='lat' dir='ltr'>habet</span> <span class='ocrx_word' id='word_1_147' title='bbox 779 2120 948 2160; x_wconf 87' lang='lat' dir='ltr'>sermonem</span> <span class='ocrx_word' id='word_1_148' title='bbox 972 2100 1010 2160; x_wconf 87' lang='lat' dir='ltr'>de</span> <span class='ocrx_word' id='word_1_149' title='bbox 1031 2094 1184 2159; x_wconf 73' lang='lat' dir='ltr'>lsitcliuni</span> <span class='ocrx_word' id='word_1_150' title='bbox 1201 2094 1365 2154; x_wconf 65' lang='lat' dir='ltr'>rebellum</span> 
     </span>
     <span class='ocr_line' id='line_1_19' title="bbox 250 2195 1364 2286; baseline -0.008 -23"><span class='ocrx_word' id='word_1_151' title='bbox 250 2212 356 2264; x_wconf 81' lang='lat' dir='ltr'>contre</span> <span class='ocrx_word' id='word_1_152' title='bbox 368 2202 442 2281; x_wconf 84' lang='lat' dir='ltr'>imp.</span> <span class='ocrx_word' id='word_1_153' title='bbox 455 2198 667 2280; x_wconf 65' lang='lat' dir='ltr'>Ausetanum,</span> <span class='ocrx_word' id='word_1_154' title='bbox 683 2200 915 2286; x_wconf 62' lang='lat' dir='ltr'>lumleianum,</span> <span class='ocrx_word' id='word_1_155' title='bbox 936 2202 970 2262; x_wconf 92' lang='lat' dir='ltr'>in</span> <span class='ocrx_word' id='word_1_156' title='bbox 991 2201 1081 2262; x_wconf 85' lang='lat' dir='ltr'>fidem</span> <span class='ocrx_word' id='word_1_157' title='bbox 1096 2195 1284 2258; x_wconf 81' lang='lat' dir='ltr'>Cctlsolicnut</span> <span class='ocrx_word' id='word_1_158' title='bbox 1299 2214 1364 2255; x_wconf 76' lang='lat' dir='ltr'>sue·</span> 
     </span>
     <span class='ocr_line' id='line_1_20' title="bbox 249 2299 1365 2383; baseline -0.01 -16"><span class='ocrx_word' id='word_1_159' title='bbox 249 2306 402 2379; x_wconf 81' lang='lat' dir='ltr'>vientem,</span> <span class='ocrx_word' id='word_1_160' title='bbox 422 2310 452 2362; x_wconf 90' lang='lat' dir='ltr'>et</span> <span class='ocrx_word' id='word_1_161' title='bbox 473 2302 638 2383; x_wconf 71' lang='lat' dir='ltr'>Episcopus</span> <span class='ocrx_word' id='word_1_162' title='bbox 666 2300 863 2365; x_wconf 74' lang='lat' dir='ltr'>Ortlsusioaeos</span> <span class='ocrx_word' id='word_1_163' title='bbox 883 2325 900 2367; x_wconf 91' lang='lat' dir='ltr'>e</span> <span class='ocrx_word' id='word_1_164' title='bbox 919 2304 1047 2365; x_wconf 76' lang='lat' dir='ltr'>Sedibus</span> <span class='ocrx_word' id='word_1_165' title='bbox 1062 2302 1125 2361; x_wconf 89' lang='lat' dir='ltr'>suis</span> <span class='ocrx_word' id='word_1_166' title='bbox 1138 2299 1365 2371; x_wconf 78' lang='lat' dir='ltr'>deturbentem3</span> 
     </span>
     <span class='ocr_line' id='line_1_21' title="bbox 250 2399 1394 2491; baseline -0.008 -24"><span class='ocrx_word' id='word_1_167' title='bbox 250 2426 347 2487; x_wconf 65' lang='lat' dir='ltr'>quem«</span> <span class='ocrx_word' id='word_1_168' title='bbox 360 2402 549 2465; x_wconf 78' lang='lat' dir='ltr'>Vitalianum</span> <span class='ocrx_word' id='word_1_169' title='bbox 572 2405 615 2465; x_wconf 87' lang='lat' dir='ltr'>sit</span> <span class='ocrx_word' id='word_1_170' title='bbox 632 2403 741 2467; x_wconf 79' lang='lat' dir='ltr'>Vtetur</span> <span class='ocrx_word' id='word_1_171' title='bbox 756 2405 924 2486; x_wconf 76' lang='lat' dir='ltr'>Episcopus</span> <span class='ocrx_word' id='word_1_172' title='bbox 950 2402 1136 2467; x_wconf 74' lang='lat' dir='ltr'>Tuosnensis</span> <span class='ocrx_word' id='word_1_173' title='bbox 1155 2409 1261 2461; x_wconf 78' lang='lat' dir='ltr'>contre</span> <span class='ocrx_word' id='word_1_174' title='bbox 1277 2399 1366 2459; x_wconf 89' lang='lat' dir='ltr'>illum</span> <span class='ocrx_word' id='word_1_175' title='bbox 1390 2485 1394 2491; x_wconf 87' lang='lat'>.</span> 
     </span>
     <span class='ocr_line' id='line_1_22' title="bbox 250 2498 1367 2587; baseline -0.006 -19"><span class='ocrx_word' id='word_1_176' title='bbox 250 2528 332 2569; x_wconf 83' lang='lat' dir='ltr'>nrms</span> <span class='ocrx_word' id='word_1_177' title='bbox 356 2505 472 2585; x_wconf 78' lang='lat' dir='ltr'>cepisse</span> <span class='ocrx_word' id='word_1_178' title='bbox 494 2517 622 2587; x_wconf 85' lang='lat' dir='ltr'>propter</span> <span class='ocrx_word' id='word_1_179' title='bbox 645 2503 732 2567; x_wconf 83' lang='lat' dir='ltr'>Ficlei</span> <span class='ocrx_word' id='word_1_180' title='bbox 754 2504 929 2569; x_wconf 74' lang='lat' dir='ltr'>Catholicae</span> <span class='ocrx_word' id='word_1_181' title='bbox 951 2506 1183 2580; x_wconf 68' lang='lat' dir='ltr'>subveniamus,</span> <span class='ocrx_word' id='word_1_182' title='bbox 1204 2517 1231 2562; x_wconf 91' lang='lat' dir='ltr'>et</span> <span class='ocrx_word' id='word_1_183' title='bbox 1250 2498 1367 2579; x_wconf 78' lang='lat' dir='ltr'>Synodi</span> 
     </span>
     <span class='ocr_line' id='line_1_23' title="bbox 251 2600 1366 2691; baseline -0.01 -19"><span class='ocrx_word' id='word_1_184' title='bbox 251 2604 499 2672; x_wconf 67' lang='lat' dir='ltr'>Chalcedonensis</span> <span class='ocrx_word' id='word_1_185' title='bbox 522 2606 758 2681; x_wconf 71' lang='lat' dir='ltr'>(lamnationem,</span> <span class='ocrx_word' id='word_1_186' title='bbox 780 2610 1010 2691; x_wconf 68' lang='lat' dir='ltr'>remotionesque</span> <span class='ocrx_word' id='word_1_187' title='bbox 1026 2601 1273 2668; x_wconf 72' lang='lat' dir='ltr'>orthodoxorum</span> <span class='ocrx_word' id='word_1_188' title='bbox 1287 2600 1366 2683; x_wconf 74' lang='lat' dir='ltr'>Ept-</span> 
     </span>
     <span class='ocr_line' id='line_1_24' title="bbox 248 2704 1365 2793; baseline -0.005 -21"><span class='ocrx_word' id='word_1_189' title='bbox 248 2731 405 2793; x_wconf 83' lang='lat' dir='ltr'>scoporum</span> <span class='ocrx_word' id='word_1_190' title='bbox 427 2724 517 2790; x_wconf 83' lang='lat' dir='ltr'>utque</span> <span class='ocrx_word' id='word_1_191' title='bbox 536 2708 732 2787; x_wconf 76' lang='lat' dir='ltr'>successiones</span> <span class='ocrx_word' id='word_1_192' title='bbox 745 2704 985 2772; x_wconf 84' lang='lat' dir='ltr'>Haereticorum.</span> <span class='ocrx_word' id='word_1_193' title='bbox 1029 2708 1073 2769; x_wconf 83' lang='lat' dir='ltr'>De</span> <span class='ocrx_word' id='word_1_194' title='bbox 1092 2707 1143 2767; x_wconf 86' lang='lat' dir='ltr'>ills</span> <span class='ocrx_word' id='word_1_195' title='bbox 1158 2704 1304 2768; x_wconf 84' lang='lat' dir='ltr'>Vitslisni</span> <span class='ocrx_word' id='word_1_196' title='bbox 1316 2726 1365 2766; x_wconf 87' lang='lat' dir='ltr'>re-</span> 
     </span>
     <span class='ocr_line' id='line_1_25' title="bbox 248 2804 1366 2887; baseline -0.004 -14"><span class='ocrx_word' id='word_1_197' title='bbox 248 2812 378 2873; x_wconf 89' lang='lat' dir='ltr'>bellione</span> <span class='ocrx_word' id='word_1_198' title='bbox 394 2810 488 2871; x_wconf 81' lang='lat' dir='ltr'>verbs</span> <span class='ocrx_word' id='word_1_199' title='bbox 502 2810 633 2886; x_wconf 82' lang='lat' dir='ltr'>lucisne,</span> <span class='ocrx_word' id='word_1_200' title='bbox 655 2818 684 2869; x_wconf 91' lang='lat' dir='ltr'>et</span> <span class='ocrx_word' id='word_1_201' title='bbox 697 2808 729 2867; x_wconf 88' lang='lat' dir='ltr'>in</span> <span class='ocrx_word' id='word_1_202' title='bbox 744 2808 847 2887; x_wconf 79' lang='lat' dir='ltr'>fugem</span> <span class='ocrx_word' id='word_1_203' title='bbox 860 2830 929 2870; x_wconf 91' lang='lat' dir='ltr'>eum</span> <span class='ocrx_word' id='word_1_204' title='bbox 949 2822 1050 2871; x_wconf 82' lang='lat' dir='ltr'>solnm</span> <span class='ocrx_word' id='word_1_205' title='bbox 1071 2828 1216 2871; x_wconf 76' lang='lat' dir='ltr'>enarrans</span> <span class='ocrx_word' id='word_1_206' title='bbox 1232 2804 1366 2869; x_wconf 60' lang='lat' dir='ltr'>Chunu-</span> 
     </span>
     <span class='ocr_line' id='line_1_26' title="bbox 246 2907 1367 2995; baseline 0.002 -24"><span class='ocrx_word' id='word_1_207' title='bbox 246 2910 379 2995; x_wconf 72' lang='lat' dir='ltr'>grnplsus</span> <span class='ocrx_word' id='word_1_208' title='bbox 399 2920 504 2973; x_wconf 83' lang='lat' dir='ltr'>noster</span> <span class='ocrx_word' id='word_1_209' title='bbox 524 2911 570 2970; x_wconf 86' lang='lat' dir='ltr'>sic</span> <span class='ocrx_word' id='word_1_210' title='bbox 587 2909 758 2991; x_wconf 82' lang='lat' dir='ltr'>subjungit:</span> <span class='ocrx_word' id='word_1_211' title='bbox 783 2911 847 2974; x_wconf 73' lang='lat' dir='ltr'>lici</span> <span class='ocrx_word' id='word_1_212' title='bbox 866 2913 987 2993; x_wconf 70' lang='lat' dir='ltr'>ieiunus</span> <span class='ocrx_word' id='word_1_213' title='bbox 1003 2910 1145 2992; x_wconf 71' lang='grc' dir='ltr'><strong><em>όΣωτήρ</em></strong></span> <span class='ocrx_word' id='word_1_214' title='bbox 1158 2907 1289 2993; x_wconf 71' lang='grc' dir='ltr'><strong><em>Χριστός</em></strong></span> <span class='ocrx_word' id='word_1_215' title='bbox 1310 2910 1367 2973; x_wconf 83' lang='lat' dir='ltr'>sul</span> 
     </span>
     <span class='ocr_line' id='line_1_27' title="bbox 247 3008 1366 3096; baseline -0.004 -19"><span class='ocrx_word' id='word_1_216' title='bbox 247 3014 340 3096; x_wconf 69' lang='grc' dir='ltr'>ἠτοῦ</span> <span class='ocrx_word' id='word_1_217' title='bbox 356 3014 501 3094; x_wconf 74' lang='grc' dir='ltr'>βασιλέως</span> <span class='ocrx_word' id='word_1_218' title='bbox 515 3008 599 3093; x_wconf 80' lang='grc' dir='ltr'><strong><em>τύχη.</em></strong></span> <span class='ocrx_word' id='word_1_219' title='bbox 645 3010 741 3075; x_wconf 85' lang='lat' dir='ltr'>Hunc</span> <span class='ocrx_word' id='word_1_220' title='bbox 762 3033 829 3075; x_wconf 84' lang='lat' dir='ltr'>uero</span> <span class='ocrx_word' id='word_1_221' title='bbox 856 3016 1013 3077; x_wconf 82' lang='lat' dir='ltr'>victorium</span> <span class='ocrx_word' id='word_1_222' title='bbox 1036 3012 1209 3076; x_wconf 85' lang='lat' dir='ltr'>conciliauit</span> <span class='ocrx_word' id='word_1_223' title='bbox 1223 3016 1366 3073; x_wconf 82' lang='lat' dir='ltr'>Sslsstor</span> 
     </span>
     <span class='ocr_line' id='line_1_28' title="bbox 249 3111 1365 3201; baseline -0.001 -24"><span class='ocrx_word' id='word_1_224' title='bbox 249 3114 384 3177; x_wconf 84' lang='lat' dir='ltr'>Christus</span> <span class='ocrx_word' id='word_1_225' title='bbox 403 3130 430 3176; x_wconf 90' lang='lat' dir='ltr'>et</span> <span class='ocrx_word' id='word_1_226' title='bbox 446 3111 639 3197; x_wconf 81' lang='lat' dir='ltr'>Imperatoris</span> <span class='ocrx_word' id='word_1_227' title='bbox 649 3112 794 3201; x_wconf 80' lang='lat' dir='ltr'>fortuna.</span> <span class='ocrx_word' id='word_1_228' title='bbox 838 3116 924 3191; x_wconf 84' lang='lat' dir='ltr'>Quae</span> <span class='ocrx_word' id='word_1_229' title='bbox 946 3118 1039 3180; x_wconf 79' lang='lat' dir='ltr'>verbu</span> <span class='ocrx_word' id='word_1_230' title='bbox 1052 3117 1214 3179; x_wconf 80' lang='lat' dir='ltr'>uideantur</span> <span class='ocrx_word' id='word_1_231' title='bbox 1226 3115 1365 3176; x_wconf 80' lang='lat' dir='ltr'>indicare</span> 
     </span>
     <span class='ocr_line' id='line_1_29' title="bbox 247 3214 1363 3299; baseline -0.001 -20"><span class='ocrx_word' id='word_1_232' title='bbox 247 3218 344 3279; x_wconf 82' lang='lat' dir='ltr'>uelum</span> <span class='ocrx_word' id='word_1_233' title='bbox 360 3219 425 3297; x_wconf 84' lang='lat' dir='ltr'>ejus</span> <span class='ocrx_word' id='word_1_234' title='bbox 439 3226 546 3278; x_wconf 81' lang='lat' dir='ltr'>contre</span> <span class='ocrx_word' id='word_1_235' title='bbox 559 3234 680 3275; x_wconf 84' lang='lat' dir='ltr'>censum</span> <span class='ocrx_word' id='word_1_236' title='bbox 702 3214 869 3295; x_wconf 79' lang='lat' dir='ltr'>Vitaliani,</span> <span class='ocrx_word' id='word_1_237' title='bbox 893 3229 923 3282; x_wconf 87' lang='lat' dir='ltr'>et</span> <span class='ocrx_word' id='word_1_238' title='bbox 941 3219 1038 3299; x_wconf 87' lang='lat' dir='ltr'>ipsius</span> <span class='ocrx_word' id='word_1_239' title='bbox 1061 3217 1156 3279; x_wconf 84' lang='lat' dir='ltr'>luisse</span> <span class='ocrx_word' id='word_1_240' title='bbox 1177 3217 1363 3298; x_wconf 86' lang='lat' dir='ltr'>opinionem,</span> 
     </span>
     <span class='ocr_line' id='line_1_30' title="bbox 245 3318 1364 3403; baseline -0.001 -23"><span class='ocrx_word' id='word_1_241' title='bbox 245 3342 302 3403; x_wconf 90' lang='lat' dir='ltr'>pru</span> <span class='ocrx_word' id='word_1_242' title='bbox 323 3320 508 3401; x_wconf 83' lang='lat' dir='ltr'>imperatore</span> <span class='ocrx_word' id='word_1_243' title='bbox 527 3327 670 3397; x_wconf 75' lang='lat' dir='ltr'>tanquam</span> <span class='ocrx_word' id='word_1_244' title='bbox 692 3338 750 3398; x_wconf 89' lang='lat' dir='ltr'>pru</span> <span class='ocrx_word' id='word_1_245' title='bbox 772 3318 907 3382; x_wconf 82' lang='lat' dir='ltr'>Veritute</span> <span class='ocrx_word' id='word_1_246' title='bbox 925 3321 1079 3382; x_wconf 87' lang='lat' dir='ltr'>Christum</span> <span class='ocrx_word' id='word_1_247' title='bbox 1102 3319 1267 3381; x_wconf 62' lang='lat' dir='ltr'>diffluens.</span> <span class='ocrx_word' id='word_1_248' title='bbox 1318 3320 1364 3380; x_wconf 75' lang='lat' dir='ltr'>At</span> 
     </span>
     <span class='ocr_line' id='line_1_31' title="bbox 245 3418 1363 3501; baseline 0.001 -20"><span class='ocrx_word' id='word_1_249' title='bbox 245 3434 401 3500; x_wconf 86' lang='lat' dir='ltr'>utcunque</span> <span class='ocrx_word' id='word_1_250' title='bbox 415 3418 475 3480; x_wconf 85' lang='lat' dir='ltr'>hou</span> <span class='ocrx_word' id='word_1_251' title='bbox 490 3421 644 3481; x_wconf 75' lang='lat' dir='ltr'>numellis</span> <span class='ocrx_word' id='word_1_252' title='bbox 658 3420 758 3501; x_wconf 84' lang='lat' dir='ltr'>prims</span> <span class='ocrx_word' id='word_1_253' title='bbox 780 3421 880 3483; x_wconf 80' lang='lat' dir='ltr'>fronte</span> <span class='ocrx_word' id='word_1_254' title='bbox 894 3422 1052 3498; x_wconf 78' lang='lat' dir='ltr'>videatur,</span> <span class='ocrx_word' id='word_1_255' title='bbox 1072 3421 1181 3483; x_wconf 72' lang='lat' dir='ltr'>exiam</span> <span class='ocrx_word' id='word_1_256' title='bbox 1200 3431 1299 3483; x_wconf 82' lang='lat' dir='ltr'>tumen</span> <span class='ocrx_word' id='word_1_257' title='bbox 1313 3422 1363 3482; x_wconf 90' lang='lat' dir='ltr'>ni-</span> 
     </span>
     <span class='ocr_line' id='line_1_32' title="bbox 165 3520 1363 3606; baseline 0.002 -23"><span class='ocrx_word' id='word_1_258' title='bbox 165 3554 168 3561; x_wconf 65' lang='lat'>=</span> <span class='ocrx_word' id='word_1_259' title='bbox 245 3523 290 3583; x_wconf 84' lang='lat' dir='ltr'>hil</span> <span class='ocrx_word' id='word_1_260' title='bbox 301 3532 400 3604; x_wconf 89' lang='lat' dir='ltr'>potest</span> <span class='ocrx_word' id='word_1_261' title='bbox 413 3522 482 3604; x_wconf 86' lang='lat' dir='ltr'>jure</span> <span class='ocrx_word' id='word_1_262' title='bbox 498 3522 622 3600; x_wconf 83' lang='lat' dir='ltr'>inferri;</span> <span class='ocrx_word' id='word_1_263' title='bbox 645 3522 705 3585; x_wconf 84' lang='lat' dir='ltr'>diui</span> <span class='ocrx_word' id='word_1_264' title='bbox 721 3524 799 3585; x_wconf 90' lang='lat' dir='ltr'>enim</span> <span class='ocrx_word' id='word_1_265' title='bbox 814 3524 874 3586; x_wconf 87' lang='lat' dir='ltr'>ists</span> <span class='ocrx_word' id='word_1_266' title='bbox 888 3547 905 3585; x_wconf 86' lang='lat' dir='ltr'>s</span> <span class='ocrx_word' id='word_1_267' title='bbox 920 3520 1041 3586; x_wconf 73' lang='lat' dir='ltr'>Mateta</span> <span class='ocrx_word' id='word_1_268' title='bbox 1061 3533 1207 3605; x_wconf 82' lang='lat' dir='ltr'>potuere,</span> <span class='ocrx_word' id='word_1_269' title='bbox 1228 3525 1298 3606; x_wconf 86' lang='lat' dir='ltr'>quin</span> <span class='ocrx_word' id='word_1_270' title='bbox 1313 3546 1363 3585; x_wconf 82' lang='lat' dir='ltr'>ur·</span> 
     </span>
     <span class='ocr_line' id='line_1_33' title="bbox 244 3610 1362 3708; baseline 0 -23"><span class='ocrx_word' id='word_1_271' title='bbox 244 3646 293 3685; x_wconf 87' lang='lat' dir='ltr'>ms</span> <span class='ocrx_word' id='word_1_272' title='bbox 315 3624 441 3686; x_wconf 87' lang='lat' dir='ltr'>rebellia</span> <span class='ocrx_word' id='word_1_273' title='bbox 461 3634 569 3687; x_wconf 81' lang='lat' dir='ltr'>contre</span> <span class='ocrx_word' id='word_1_274' title='bbox 588 3625 758 3705; x_wconf 86' lang='lat' dir='ltr'>Principem</span> <span class='ocrx_word' id='word_1_275' title='bbox 780 3610 869 3687; x_wconf 81' lang='lat' dir='ltr'>suein</span> <span class='ocrx_word' id='word_1_276' title='bbox 893 3624 1067 3688; x_wconf 75' lang='lat' dir='ltr'>Wtaliunus</span> <span class='ocrx_word' id='word_1_277' title='bbox 1087 3636 1265 3708; x_wconf 81' lang='lat' dir='ltr'>sumpserat.</span> <span class='ocrx_word' id='word_1_278' title='bbox 1307 3626 1362 3686; x_wconf 86' lang='lat' dir='ltr'>Sic</span> 
     </span>
     <span class='ocr_line' id='line_1_34' title="bbox 245 3726 1362 3808; baseline 0.001 -21"><span class='ocrx_word' id='word_1_279' title='bbox 245 3726 295 3787; x_wconf 82' lang='lat' dir='ltr'>elii</span> <span class='ocrx_word' id='word_1_280' title='bbox 321 3728 458 3807; x_wconf 83' lang='lat' dir='ltr'>prolecto</span> <span class='ocrx_word' id='word_1_281' title='bbox 480 3729 652 3808; x_wconf 85' lang='lat' dir='ltr'>Scriptores</span> <span class='ocrx_word' id='word_1_282' title='bbox 678 3726 911 3791; x_wconf 72' lang='lat' dir='ltr'>orthodoxius</span> <span class='ocrx_word' id='word_1_283' title='bbox 934 3728 1053 3790; x_wconf 85' lang='lat' dir='ltr'>bellos</span> <span class='ocrx_word' id='word_1_284' title='bbox 1079 3726 1239 3789; x_wconf 82' lang='lat' dir='ltr'>Vitaliuno</span> <span class='ocrx_word' id='word_1_285' title='bbox 1263 3738 1362 3805; x_wconf 87' lang='lat' dir='ltr'>moto,</span> 
     </span>
     <span class='ocr_line' id='line_1_35' title="bbox 243 3826 1364 3911; baseline 0.002 -22"><span class='ocrx_word' id='word_1_286' title='bbox 243 3835 388 3907; x_wconf 77' lang='lat' dir='ltr'>tunquam</span> <span class='ocrx_word' id='word_1_287' title='bbox 402 3826 440 3887; x_wconf 88' lang='lat' dir='ltr'>de</span> <span class='ocrx_word' id='word_1_288' title='bbox 455 3848 489 3889; x_wconf 89' lang='lat' dir='ltr'>re</span> <span class='ocrx_word' id='word_1_289' title='bbox 508 3829 704 3910; x_wconf 87' lang='lat' dir='ltr'>imprubsuds</span> <span class='ocrx_word' id='word_1_290' title='bbox 723 3831 910 3910; x_wconf 89' lang='lat' dir='ltr'>loquuntur,</span> <span class='ocrx_word' id='word_1_291' title='bbox 934 3831 1072 3911; x_wconf 82' lang='lat' dir='ltr'>quemvis</span> <span class='ocrx_word' id='word_1_292' title='bbox 1089 3830 1166 3893; x_wconf 87' lang='lat' dir='ltr'>bene</span> <span class='ocrx_word' id='word_1_293' title='bbox 1188 3833 1227 3891; x_wconf 86' lang='lat' dir='ltr'>de</span> <span class='ocrx_word' id='word_1_294' title='bbox 1240 3852 1276 3891; x_wconf 90' lang='lat' dir='ltr'>eu</span> <span class='ocrx_word' id='word_1_295' title='bbox 1291 3852 1364 3891; x_wconf 88' lang='lat' dir='ltr'>sen·</span> 
     </span>
    </p>
   </div>
   <div class='ocr_carea' id='block_1_3' title="bbox 121 3928 1363 4013">
    <p class='ocr_par' dir='ltr' id='par_1_4' title="bbox 121 3928 1363 4013">
     <span class='ocr_line' id='line_1_36' title="bbox 121 3928 1363 4013; baseline 0.006 -25"><span class='ocrx_word' id='word_1_296' title='bbox 121 3950 124 3961; x_wconf 92' lang='lat'>·</span> <span class='ocrx_word' id='word_1_297' title='bbox 242 3928 316 3989; x_wconf 81' lang='lat' dir='ltr'>sisse</span> <span class='ocrx_word' id='word_1_298' title='bbox 336 3930 476 3992; x_wconf 82' lang='lat' dir='ltr'>videntur</span> <span class='ocrx_word' id='word_1_299' title='bbox 496 3932 606 3992; x_wconf 84' lang='lat' dir='ltr'>citatus</span> <span class='ocrx_word' id='word_1_300' title='bbox 630 3930 749 3993; x_wconf 86' lang='lat' dir='ltr'>Victor.</span> <span class='ocrx_word' id='word_1_301' title='bbox 804 3933 937 4012; x_wconf 77' lang='lat' dir='ltr'>cyrillus</span> <span class='ocrx_word' id='word_1_302' title='bbox 959 3931 1230 4013; x_wconf 85' lang='lat' dir='ltr'>Scythopolitsnus</span> <span class='ocrx_word' id='word_1_303' title='bbox 1249 3936 1282 3995; x_wconf 93' lang='lat' dir='ltr'>in</span> <span class='ocrx_word' id='word_1_304' title='bbox 1298 3933 1363 3995; x_wconf 78' lang='lat' dir='ltr'>Ve-</span> 
     </span>
    </p>
   </div>
   <div class='ocr_carea' id='block_1_4' title="bbox 241 4027 1359 4119">
    <p class='ocr_par' dir='ltr' id='par_1_5' title="bbox 241 4027 1359 4119">
     <span class='ocr_line' id='line_1_37' title="bbox 241 4027 1359 4119; baseline 0.006 -28"><span class='ocrx_word' id='word_1_305' title='bbox 241 4044 273 4091; x_wconf 90' lang='lat' dir='ltr'>ta</span> <span class='ocrx_word' id='word_1_306' title='bbox 287 4027 322 4093; x_wconf 82' lang='lat' dir='ltr'>S.</span> <span class='ocrx_word' id='word_1_307' title='bbox 340 4028 441 4092; x_wconf 78' lang='lat' dir='ltr'>Sabae</span> <span class='ocrx_word' id='word_1_308' title='bbox 453 4031 485 4113; x_wconf 83' lang='lat'>¹)</span> <span class='ocrx_word' id='word_1_309' title='bbox 508 4034 587 4095; x_wconf 89' lang='lat' dir='ltr'>illius</span> <span class='ocrx_word' id='word_1_310' title='bbox 604 4032 795 4098; x_wconf 86' lang='lat' dir='ltr'>rebellionem</span> <span class='ocrx_word' id='word_1_311' title='bbox 810 4034 951 4099; x_wconf 82' lang='lat' dir='ltr'>domuere</span> <span class='ocrx_word' id='word_1_312' title='bbox 971 4036 1109 4113; x_wconf 83' lang='lat' dir='ltr'>videtur,</span> <span class='ocrx_word' id='word_1_313' title='bbox 1131 4036 1185 4100; x_wconf 83' lang='lat' dir='ltr'>sed</span> <span class='ocrx_word' id='word_1_314' title='bbox 1202 4038 1359 4119; x_wconf 80' lang='lat' dir='ltr'>eliquanto</span> 
     </span>
    </p>
   </div>
   <div class='ocr_carea' id='block_1_5' title="bbox 274 4246 440 4317">
    <p class='ocr_par' dir='ltr' id='par_1_6' title="bbox 274 4246 440 4317">
     <span class='ocr_line' id='line_1_38' title="bbox 274 4246 440 4317; baseline 0.018 -16"><span class='ocrx_word' id='word_1_315' title='bbox 274 4246 306 4313; x_wconf 91' lang='lat'>¹)</span> <span class='ocrx_word' id='word_1_316' title='bbox 324 4262 383 4317; x_wconf 80' lang='lat' dir='ltr'>usp.</span> <span class='ocrx_word' id='word_1_317' title='bbox 396 4248 440 4304; x_wconf 80' lang='lat'>57.</span> 
     </span>
    </p>
   </div>
   <div class='ocr_carea' id='block_1_6' title="bbox 0 0 1481 4817">
    <p class='ocr_par' dir='ltr' id='par_1_7' title="bbox 0 0 1481 4817">
     <span class='ocr_line' id='line_1_39' title="bbox 0 0 1481 4817; baseline 0 0"><span class='ocrx_word' id='word_1_318' title='bbox 0 0 1481 4817; x_wconf 95' lang='lat' dir='ltr'> </span> 
     </span>
    </p>
   </div>
  </div>
 </body>
</html>
