2950 4817
501 292 861 366 ANNOTATIONES.
1157 303 1236 380 537

215 473 288 553 mg.
310 470 379 538 159.
397 473 450 536 20.
482 467 525 545 ὥς
537 465 685 534 καθεύδει
705 463 775 552 μετ’
790 463 889 536 aiem
909 470 1035 554 ναατός]
1054 473 1136 538 Haec
1148 475 1237 538 aliter

127 565 290 617 narrantur
304 554 443 617 Judithae
454 556 508 619 lib.
527 577 593 638 cap·
610 562 660 623 13.

215 661 287 737 mg.
311 663 382 724 160.
404 663 436 724 6.
469 653 521 722 riui
540 652 699 740 δυνάμεώς
718 681 802 734 τινος
821 662 913 724 τοῦτο
930 657 1075 742 ‘riveto-l
1104 656 1237 743 δύναμις

125 761 185 820 pro
205 742 314 822 apiritu
335 742 485 822 quodam,
504 763 558 806 aen
578 745 745 823 Daemone,
768 744 815 808 uti
835 744 910 806 aliae
931 746 1053 826 aaepiua
1075 745 1158 828 apud
1179 767 1237 807 no·

125 835 235 901 atrum,
256 827 399 889 hocloco
416 828 553 892 sumitur.
716 841 724 912 j

183 975 186 988 .
214 929 289 1009 Pag.
313 935 383 997 160.
406 935 438 998 8.
471 931 505 997 ἒν
526 937 592 1006 ταῖς
608 934 779 1013 Εβραῒκαῖς
796 931 955 1013 ἐμφέρεται
972 933 1123 1015 γραφαῖς]
1150 931 1235 995 Nihil

124 1012 236 1074 minua:
261 1015 383 1076 [ibrum
399 1019 475 1078 eninr
489 1017 593 1078 Judith
607 1017 777 1078 Hebraeum
787 1016 890 1078 Judaei
905 1019 1022 1080 nullum
1036 1038 1168 1099 unquam
1180 1017 1236 1082 ha·

122 1097 266 1160 buerunt.
308 1099 380 1164 ride
399 1103 508 1192 scalig.
521 1104 554 1164 in
567 1103 678 1170 Euaeb.
694 1102 808 1166 Chrcn.
823 1124 855 1184 p.
868 1107 919 1170 89.

211 1199 288 1283 Pog-
313 1207 382 1270 160.
406 1211 455 1272 10.
476 1205 1050 1287 ἐβασίλευσενΑοσυρίωοΛρταξέρξης]
1071 1205 1236 1290 Ασαυρὶοον

122 1287 214 1348 etiam
231 1308 342 1366 aupra,
364 1311 420 1369 pro
437 1294 567 1372 Hepcaiv
579 1290 674 1370 ponit.
719 1289 874 1350 Caeterum
887 1290 1069 1352 Artaxerxes
1085 1292 1152 1369 ilie,
1174 1313 1234 1352 cu-

119 1373 173 1451 jua
197 1371 339 1432 Pincema
361 1373 518 1436 Nehemiaa
540 1387 619 1450 erat,
646 1375 747 1454 quiet
765 1374 906 1434 Mnemon
926 1374 1155 1451 cognominatae
1177 1386 1235 1452 eat,

120 1464 192 1536 pcat
212 1459 388 1537 cambysem
410 1459 548 1539 quidem,
570 1481 658 1539 quem
673 1461 783 1518 Noster
797 1459 917 1516 Darium
934 1457 985 1517 hic
1004 1468 1111 1536 vocat,
1134 1461 1234 1521 Peraia

120 1542 293 1624 imperavit,
314 1563 376 1606 non
390 1555 488 1606 tamen
504 1543 681 1618 immediate,
698 1535 762 1600 ¹aed
774 1540 939 1622 interjectia
953 1543 1075 1620 regibua
1088 1545 1154 1605 aliia
1168 1567 1232 1608 aex.

210 1649 282 1726 Pag.
308 1651 378 1711 160.
398 1647 450 1713 13.
486 1644 539 1708 καὶ
552 1641 654 1724 ἄρχειν
670 1636 765 1706 critic
779 1647 842 1704 miv
856 1636 1013 1724 εὐνούχων
1026 1645 1167 1728 ἐποίησε]
1187 1649 1234 1709 Ita

121 1731 212 1789 etiam
230 1729 400 1807 cedrenum
431 1728 489 1790 niai
504 1727 596 1807 quod,
620 1747 677 1807 pro
688 1729 784 1787 uaatri
801 1723 914 1807 ἄρχειν,
935 1723 1232 1811 ihiriaxrivlegatu13

120 1813 275 1875 mandore.
317 1815 403 1874 Unde
416 1823 516 1874 tamen
530 1811 723 1872 Enuchorum
736 1813 958 1892 praefecturam
971 1815 1100 1896 adeptus
1116 1827 1162 1878 eat
1173 1819 1233 1879 Na·

118 1895 257 1958 hemiaa'i
279 1898 457 1959 Artaxerxis
473 1897 594 1978 quidem
610 1892 757 1978 οἰνοχόος,
773 1900 936 1971 Pincerna,
958 1901 1010 1960 vel
1027 1902 1165 1962 fortaeaia
1181 1897 1234 1983 ἄρ.

120 1978 305 2063 γιοινοχόος,
328 1995 363 2044 ut
384 1983 538 2045 cedrenus
551 1982 622 2043 alibi
644 2003 712 2043 eum
728 1992 837 2060 vocat,
857 1985 1003 2066 Princeps
1017 1983 1233 2050 Pincernarnm

121 2077 202 2142 erat,
224 2077 313 2148 atque
333 2069 405 2128 hine
425 2067 629 2150 proculdubio
650 2067 813 2129 Nehemiae
828 2070 1020 2150 praefectura
1037 2093 1055 2130 a
1073 2073 1232 2135 Graeculia

120 2153 342 2214 recentioribus
356 2155 455 2214 efficta
471 2163 525 2220 eat.

190 2255 280 2338 'Pap
308 2259 379 2323 161.
401 2260 432 2323 6.
463 2258 582 2340 πρῶτος
603 2254 797 2337 ἐβασίλευσεν
815 2253 835 2318 6
853 2219 1023 2337 ΚραναδςΪ
1041 2257 1108 2322 Ser.
1131 2261 1232 2340 Καρα-

119 2333 188 2414 νὸς.
231 2344 364 2401 Caranus
382 2341 480 2419 enim,
502 2361 565 2402 nan
586 2343 720 2404 Cranaua
741 2341 827 2423 regni
843 2341 1030 2403 Macedonici
1047 2343 1146 2423 prima
1159 2343 1234 2427 jecit

120 2425 373 2595 fundiliiazritihh
394 2518 424 2578 7.
457 2507 514 2594 τήν
531 2507 656 2594 Αὕγήο,
687 2506 746 2593 τήν
763 2507 864 2574 Alica
876 2507 1048 2593 θυγατέρα]
1078 2511 1232 2576 Οοᾶοοαιιο

118 2595 220 2672 hahet,
241 2593 450 2680 τήνΛύτβην,
470 2593 528 2678 τήν
543 2597 675 2661 Aeetam
685 2595 849 2680 θυγατέρα,
870 2595 1023 2661 mendoae.

209 2687 281 2764 Pag-
305 2687 377 2750 162.
403 2689 433 2748 3.
464 2679 550 2747 ἄλλοι
561 2682 669 2746 πολλοὶ
685 2682 742 2754 ἕως
756 2682 889 2762 Δαρείου
902 2685 961 2744 τοῦ
974 2681 1144 2764 νεωτέρου]
1166 2688 1231 2747 Δα-

119 2772 203 2846 ρεῖος
217 2762 394 2849 ὁνεαὶτερος
409 2777 514 2830 noatro
533 2777 578 2829 eat
593 2767 699 2828 Darius
713 2765 848 2842 Nathua,
868 2775 904 2826 ut
921 2765 998 2826 inira
1013 2778 1154 2846 apparete
1184 2769 1233 2829 in.

119 2863 167 2913 ter
181 2873 270 2931 quem
284 2863 384 2913 tamen
399 2862 428 2913 et
440 2855 642 2914 Artaxerxem
656 2853 886 2912 intervenerunt
898 2861 1014 2912 tantum
1026 2855 1156 2930 Xeraea,
1178 2859 1232 2936 qui

118 2943 256 3082 nnaepvaicz
279 2949 310 3000 et
332 2937 515 3018 Sogdianaa,
552 2939 605 3021 qui
618 2943 755 3003 menn7.
776 2945 951 3017 regnarunt.
994 2936 1065 3000 ride
1080 2937 1187 3005 Euaeb.
1201 2949 1232 3001 et

149 3043 165 3084 e
212 3065 281 3188 Pig.
306 3111 378 3174 162.
399 3112 431 3174 7.
460 3105 708 3184 arietantem
728 3104 957 3190 καλουμένους]
977 3107 1043 3170 Ηοο
1059 3109 1231 3190 hananiam

14 3251 18 3262 ,
118 3201 212 3255 vocat
225 3191 387 3271 Cedrenua,
409 3196 527 3254 nomine
538 3203 665 3274 uterque
680 3194 898 3272 aequeignctc.

203 3275 277 3358 Pflg·
302 3283 372 3344 162.
402 3282 451 3345 17.
489 3273 549 3342 rinei
571 3273 684 3364 nitens
708 3283 836 3362 μικρᾶς,
864 3275 1028 3359 λεγομένης
1054 3275 1227 3358 Χαρτίμας]

119 3361 284 3436 Cedrenua,
306 3362 339 3424 ἐκ
353 3360 589 3448 μοκρᾶςπόλεας
605 3367 766 3444 Χορτικῆς.
798 3362 879 3422 hanc
891 3362 998 3422 urbem
1012 3361 1152 3421 Chartam
1173 3381 1229 3420 vo·

119 3459 187 3522 cat,
209 3447 246 3507 tle
269 3447 446 3528 Carthagine
465 3449 559 3510 verba
579 3448 707 3524 bahem,
731 3447 785 3526 qui
806 3469 870 3508 eam
890 3447 932 3506 ita
955 3447 1067 3506 dictam
1081 3447 1187 3507 amerit
1208 3467 1230 3505 α

121 3531 232 3594 Cartha
248 3531 378 3616 oppido,
400 3529 479 3594 ande
489 3533 555 3626 fait
573 3531 674 3613 Dido,
693 3535 770 3593 inter
790 3534 890 3612 Tyron
905 3547 934 3592 ee
947 3529 1111 3594 Berirhona
1136 3542 1230 3614 ιαμ
1253 3576 1261 3591 .

116 3617 178 3679 hcc
193 3621 281 3678 etiam
297 3639 334 3678 ex
348 3618 474 3679 historia
493 3621 673 3694 Poenorum,
694 3620 741 3678 uti
753 3617 819 3698 ipae
833 3617 903 3678 alibi
917 3627 1056 3680 teatatur.
1187 3665 1194 3680 .
1218 3630 1226 3648 ·

204 3700 282 3784 Pssg·
304 3708 374 3770 163.
396 3711 426 3772 3.
447 3704 500 3768 καὶ
515 3699 711 3785 βαστάζοντες
725 3697 892 3786 pinchin]
916 3697 1073 3784 βήναβλοο
1088 3698 1230 3762 Venabu-

116 3785 180 3850 lum
208 3801 244 3848 ut
269 3784 436 3869 βηνοὶτωρ,’
457 3788 608 3852 Venator:
639 3799 730 3869 atque
756 3788 832 3848 haec
848 3798 932 3848 recta
950 3797 995 3848 eat
1024 3788 1110 3847 racia
1134 3785 1228 3868 hujua

116 3875 279 3952 acriptura.
324 3875 432 3934 Graeci
449 3883 549 3935 tamen
566 3875 750 3935 recentiores
764 3872 933 3936 Μέοαολοο
950 3873 1096 3949 acribiam,
1119 3872 1230 3932 οινο-

116 3959 217 4018 rabuli
239 3956 357 4020 scilicet
379 3960 504 4038 originis
526 3961 710 4039 ignorantia,
733 3969 825 4039 atque
850 3960 937 4020 etiam
957 3979 995 4018 ex
1014 3957 1230 4018 characterum

114 4043 245 4120 horum,
268 4069 290 4123 μ
304 4055 333 4106 et
348 4047 378 4127 β,
400 4045 610 4120 similitudine3
638 4046 670 4105 in
683 4047 744 4104 MS.
759 4045 838 4105 enim
854 4044 1031 4122 ecdiciam,
1053 4043 1230 4126 praeaertim

114 4129 343 4210 antiquiorihua,
365 4131 418 4192 vix
432 4132 552 4192 interae
568 4131 710 4210 dintingui
727 4138 865 4211 poaaunt.

204 4219 278 4296 Pflg·
301 4217 371 4282 165.
401 4221 431 4282 3.
464 4211 594 4293 ὀνόματι
615 4211 764 4296 Φορβᾶν]
800 4215 941 4276 Fluvium
978 4212 1063 4274 hunc
1098 4209 1229 4290 Εὔηνον

91 4355 99 4371 ,
113 4309 203 4364 antea
216 4301 331 4364 dictum
343 4301 449 4366 mania
463 4301 632 4382 Cedrenua5
653 4300 850 4389 Plutarchua,
873 4298 1029 4364 Theatium
1057 4318 1076 4357 a
1094 4296 1227 4373 theatin,
