2950 4817
549 290 776 363 uutsrout.
1142 302 1218 377 715

103 488 171 531 rem
192 474 342 547 spectant.
385 467 566 529 Persuasum
589 478 636 530 est
652 467 805 530 imotenus
819 468 893 530 viris
912 468 1052 547 eruditis,
1080 488 1219 547 mugitum

105 553 296 631 symbolicae
318 562 349 612 et
369 555 579 631 aenigmaticae
599 565 736 625 veterum
756 554 936 633 Theologias
954 557 1017 617 vim
1038 557 1071 617 in
1084 556 1219 618 barbaris

104 640 166 699 illis
181 637 337 697 vocabulis
353 640 509 702 contineri.
552 642 626 699 Rem
639 642 733 719 igitur
750 640 832 701 haud
846 642 993 719 ingratam
1006 642 1158 702 facturum
1171 663 1219 703 ms

105 744 215 802 spero,
237 724 263 783 si
276 724 428 801 refregero
441 722 518 785 brec
537 726 686 803 claustra,
708 746 787 807 quas
806 727 938 786 amultis
959 726 1087 787 saeculis
1101 748 1220 789 omnem

106 808 238 869 adhaec
255 829 340 869 sacra
356 810 472 871 aditum
493 812 732 890 praecluserunt.
775 812 866 887 Quod
885 822 984 873 autem
999 812 1158 875 Herculem
1174 816 1220 873 l'e-

105 903 177 954 runt
200 894 329 970 dixisse,
353 914 421 955 cum
436 897 468 956 in
481 896 608 957 delubro
626 898 760 977 quodam
781 898 988 977 conspexisset
1004 896 1220 959 simulachrum

105 969 270 1054 Adonidis,
295 973 397 1043 Ου’δὲν
415 977 499 1061 icosio
512 979 672 1063 δπάρχειν·
701 983 782 1043 idem
797 982 869 1043 mihi
883 982 944 1063 jam
963 1002 1022 1043 usu
1036 984 1136 1061 veuit,
1159 983 1221 1044 hoc

107 1064 201 1143 adyto
215 1064 344 1127 recluso.
389 1066 540 1128 Videlicet
560 1078 625 1127 erat
641 1068 712 1127 olim
730 1068 862 1129 ridicula
878 1077 909 1128 et
930 1069 1055 1145 puerilis
1068 1070 1163 1145 παῖδας
1185 1076 1221 1129 ut

107 1168 146 1208 ex
160 1160 291 1227 quatuor
306 1160 337 1209 et
348 1150 455 1227 viginti
468 1152 574 1229 literis,
596 1154 688 1213 semel
703 1153 852 1215 duntaxat
868 1153 975 1234 positis
989 1152 1125 1233 singulis,
1149 1154 1219 1213 bar-

105 1233 179 1293 bara
196 1234 344 1315 quaedam
359 1245 389 1295 et
401 1236 528 1298 infucata
541 1238 635 1298 rerba
651 1238 847 1314 conficerent,
871 1248 964 1317 prout
978 1240 1086 1318 cuique
1099 1239 1220 1301 libitum

106 1319 210 1379 suerit.
239 1320 375 1379 Clemens
389 1320 471 1382 hanc
484 1324 616 1403 appellat
634 1321 857 1407 σταιχιιωιιιιήν
871 1326 933 1385 τῶν
946 1324 1067 1387 παίδων
1080 1326 1223 1387 tassaro-

107 1406 185 1466 λίαν.
225 1404 332 1464 Postea
349 1408 527 1472 certandum
542 1419 608 1469 erat
620 1410 752 1487 ingenio,
771 1419 807 1469 ut
819 1410 996 1470 sentmtiam
1010 1408 1138 1471 istorum
1151 1430 1221 1471 ver·

105 1490 215 1552 borum
236 1491 368 1569 aliquam
395 1494 534 1553 omnibus
554 1494 690 1571 vestigiis
710 1494 903 1573 indagassem
931 1515 993 1555 non
1014 1514 1077 1554 eam
1097 1494 1220 1573 quidem

108 1576 229 1633 omnino
245 1576 371 1634 alienam
388 1586 418 1635 et
436 1577 593 1654 absonam,
615 1579 669 1638 sed
689 1600 706 1637 a
727 1580 903 1659 propinquo
926 1578 1037 1639 sifieri
1046 1578 1166 1658 potuit,
1191 1588 1221 1639 et

106 1659 262 1720 verisimili
283 1662 417 1739 petitam.
467 1662 538 1724 Tria
558 1664 675 1743 profert
696 1664 832 1723 Clemens
856 1664 994 1745 exempla
1016 1684 1121 1725 eorum
1142 1662 1220 1728 δπο·
1239 1670 1265 1724 0
1283 1667 1318 1725 ts

106 1750 253 1829 γραμμῶν
266 1746 433 1808 παιδικῶν·
457 1768 587 1827 quorum
601 1768 695 1807 unum
709 1746 769 1806 hoc
785 1758 845 1808 est:
867 1815 869 1823 Ι

271 1824 419 1908 mame,
442 1831 548 1914 σφὶγξ,
569 1829 676 1911 sitdiu,
699 1827 883 1914 ζβαχθηδόν.

106 1914 150 1976 Ita
165 1915 255 1975 scribi
272 1924 413 1995 oportere
428 1938 477 1977 res
492 1919 558 2000 ipsa
577 1918 701 1994 clemat3
723 1939 784 1977 non
807 1927 842 1978 ut
861 1918 894 1977 in
917 1918 1024 1993 editis,
1045 1913 1222 2001 resipisceret

108 1994 294 2079 ζννχθηδὸν·
315 2000 470 2060 calculum
485 2002 547 2083 jam
562 2024 659 2083 pono,
683 2013 714 2065 et
731 2024 835 2063 omnes
850 2008 972 2063 omnino
988 2004 1091 2063 literas
1106 2006 1222 2083 Cadmi,

106 2085 293 2158 Palamedis,
315 2087 493 2164 Simonidis,
513 2088 546 2147 in
559 2098 691 2169 quatuor
711 2090 778 2149 istis
791 2088 1101 2150 vocabulisiuvenics.
1143 2090 1223 2151 Ecce

106 2171 164 2231 tibi
178 2173 359 2232 secundum:

274 2254 371 2337 utos,
393 2252 496 2336 ζάμψ,
517 2254 602 2336 quoi,
622 2261 792 2341 πλῆκτρον,
815 2258 915 2339 σφίγξ.

106 2342 154 2401 Ita
172 2339 348 2417 legendum,
377 2363 439 2401 non
461 2356 496 2402 ut
512 2343 544 2402 in
565 2343 713 2421 vulgatis,
737 2340 799 2421 ζάψ
817 2352 846 2402 et
861 2338 965 2423 χθάν·
987 2363 1109 2404 names
1128 2352 1221 2424 pacto

108 2436 138 2489 et
151 2428 183 2487 M
195 2429 283 2486 litera
302 2427 427 2504 deesset,
444 2438 474 2487 et
486 2429 514 2487 N
526 2429 573 2487 bis
586 2438 763 2507 poneretur.
787 2430 899 2487 Tamen
914 2439 949 2489 ut
963 2424 1100 2511 Λάμβδα
1113 2425 1223 2511 λάβδα,

107 2513 154 2572 sic
164 2512 241 2573 illud
256 2508 353 2591 Ζάμψ
369 2523 492 2573 autores
509 2514 617 2573 Graeci
634 2511 697 2591 ζάψ
715 2514 870 2593 scripsisse
893 2523 924 2574 et
943 2514 1158 2595 pronunciasse
1176 2517 1223 2575 vi-

107 2599 229 2658 dentur.
272 2599 322 2657 Sic
333 2596 423 2680 ιιάψα
436 2598 545 2659 dicunt
559 2608 589 2659 st
601 2594 727 2679 κάμψα·
752 2600 796 2659 sic
812 2594 942 2678 λήψεται
962 2599 993 2658 in
1009 2599 1224 2679 antiquissimis

107 2684 192 2747 MSS.
216 2677 390 2763 λήμψεται,
418 2694 450 2745 st
475 2686 572 2747 mults
596 2684 717 2746 similia.
768 2684 903 2745 Tertium
929 2683 1060 2765 deniquo
1081 2695 1127 2745 est
1145 2684 1224 2747 illud

107 2767 284 2850 'l’laespidiss

276 2851 427 2933 Κναξζβῑ,
450 2846 609 2935 suimus,
631 2850 771 2937 oesypo,
793 2842 887 2937 ὄνόν·
972 2932 982 2959 Ι
1120 2938 1128 2953 ‚

108 2940 188 3002 Male
210 2938 294 3019 apud
314 2940 495 3001 Clementem
518 2952 566 3001 est
588 2940 719 3017 editum,
749 2936 895 3022 φλεγμδς,
918 2940 1029 3023 tipum·
1054 2948 1089 2999 ut
1106 2938 1224 3018 liquido

109 3025 277 3097 constabit,
305 3025 332 3084 si
353 3026 456 3102 digitis
475 3036 654 3106 computans
679 3026 836 3086 literarum
862 3044 1020 3085 numerum
1042 3026 1119 3087 velis
1139 3026 1226 3089 inire.

110 3113 212 3185 Quam
232 3110 358 3177 mirifice
376 3122 476 3170 autem
489 3113 626 3172 Clemens
645 3110 721 3172 haec
742 3114 838 3171 omnia
863 3110 1056 3191 quantumvis
1072 3111 1175 3190 inepta
1196 3120 1226 3171 et

109 3198 248 3269 ludicra,
269 3197 501 3275 interpretetur3
522 3197 624 3256 malim
638 3216 677 3256 ex
688 3198 757 3277 ipso
776 3216 866 3275 qnam
880 3216 919 3257 ex
932 3216 980 3255 mo
994 3195 1107 3258 audias.
1131 3196 1226 3255 Aliter

108 3284 215 3365 paullo
236 3282 313 3343 hoec
333 3282 442 3358 ultima
460 3284 497 3341 ab
515 3281 666 3363 liesyelrio
689 3282 909 3386 proferentum
935 3302 1005 3339 nam
1025 3302 1083 3361 pro
1101 3279 1226 3360 κναξζβδ

108 3364 269 3450 χθάπιης,
289 3364 364 3442 ιινάξ
379 3366 470 3426 habet
484 3377 514 3427 et
531 3369 594 3449 ζβὶχ
610 3380 642 3428 et
651 3376 783 3446 Μνης.
827 3363 915 3442 Κνάξ
929 3377 1027 3425 sutem
1042 3367 1227 3445 interpreta-

109 3465 163 3514 tur
177 3450 254 3537 yotoi
267 3448 392 3528 λενιιδν,
413 3452 491 3533 Ζβὶχ
509 3450 575 3537 (its
596 3454 679 3533 lege,
701 3472 763 3512 non
786 3448 889 3535 ζαβὶχ)
910 3447 1035 3528 levastis,
1057 3446 1226 3529 οιθάπτης

110 3534 240 3620 devoir.
284 3538 383 3619 Atque
397 3537 489 3617 hujus
509 3542 668 3599 autoritate
683 3538 829 3598 inductus
849 3537 1012 3599 Salmasius
1031 3536 1126 3599 verba
1147 3535 1225 3597 'slas-

110 3625 207 3705 spiclis
225 3624 264 3684 sd
275 3624 359 3683 huuc
370 3626 493 3683 modum
508 3625 666 3684 immutare
678 3625 792 3684 voluit:

279 3712 330 3772 Ιδε
345 3728 395 3772 σοι
409 3709 529 3772 σπένδω
542 3708 619 3786 ιινάξ
636 3710 701 3791 ζβὶχ
714 3704 840 3793 λευκόν,

197 3804 229 3856 et
280 3797 331 3858 Ιδε
344 3814 393 3857 σοι
404 3790 530 3875 θάπτην
545 3793 639 3877 ruptio
652 3798 749 3871 μίξας.

110 3882 173 3941 Sed
192 3880 329 3959 profecto
339 3878 450 3940 nones
462 3890 507 3940 est
521 3880 665 3961 llesyclaii
680 3880 843 3956 autoritas;
866 3896 961 3959 neque
973 3878 1046 3958 plus
1059 3876 1151 3939 habet
1163 3898 1226 3937 mo-

109 3968 225 4043 menti,
249 3986 340 4043 quarn
362 3966 525 4026 Clementis
544 3978 576 4026 et
595 3966 759 4047 Porphyrii
780 3966 936 4026 hominum
957 3966 1061 4025 multis
1088 3963 1226 4045 partibus

109 4052 166 4111 illo
183 4052 364 4111 doctiorum.
414 4054 481 4111 Non
503 4053 581 4130 euim
604 4052 718 4114 librarii
741 4054 830 4134 culpo
853 4062 899 4112 est
925 4050 1007 4133 apud
1028 4053 1226 4109 Cietaentem:

110 4138 286 4215 nequeulla
298 4138 464 4197 similitudo
482 4140 548 4197 reri
567 4148 612 4197 est
632 4159 650 4219 χ
669 4140 787 4199 literam
810 4137 939 4197 averbo
963 4136 1086 4217 κναξζβὶ
1101 4134 1228 4195 fortuito

112 4223 295 4302 disjunctam
321 4225 432 4299 fuisse,
461 4233 492 4284 et
513 4223 602 4283 tertio
624 4234 693 4303 post
723 4244 816 4286 versu
843 4222 1015 4303 repositam.
1063 4218 1229 4301 Porphyrii

112 4319 214 4371 autem
231 4307 291 4371 hoc
306 4304 557 4392 άπασπααμάιιον
570 4320 616 4371 est
631 4332 669 4372 ex
684 4310 762 4372 libro
780 4304 857 4372 tts¹⁰
874 4308 997 4371 oxonii.
