2950 4817
229 284 306 361 516
558 388 561 396 Ι
590 264 966 393 ΙΑνινονσνιοιιιιε.

229 494 327 581 boog,
360 486 621 576 aquamfrigidam
645 500 744 571 sonat,
772 488 988 597 &928ch
1016 510 1093 554 vero
1112 452 1279 553 Bormam
1305 471 1343 551 er

231 600 318 681 aquia
331 598 486 673 redditur,
510 592 594 675 apud
607 592 747 655 Kircher.
767 596 871 662 Lexic.
896 598 984 679 Copt.

314 699 391 783 Peg.
412 703 465 765 76.
495 702 543 763 10.
584 692 657 777 μετά
677 693 710 759 δὲ
732 693 852 762 Γεδενάν
878 696 981 779 ἡγεῖτο
1004 699 1062 759 τοῦ
1085 690 1195 776 leporii.
1218 692 1345 773 Θῶὶας]

231 788 304 849 Post
330 785 503 847 Gedeonem
520 782 635 861 populo
663 781 830 843 Iaraetitico
850 783 983 863 praefuit
1001 782 1082 842 filius
1108 781 1172 862 ejuo
1192 778 1347 840 Abimele-

231 870 326 933 chus:
348 880 418 951 post
434 889 501 929 eum
518 887 590 927 vero
606 864 737 943 Tholaa,
759 878 794 926 ut
809 890 847 928 ex
863 878 953 927 textu
965 877 1092 927 constat.

319 961 393 1037 Pog.
414 956 467 1021 76.
492 956 541 1017 13.
575 944 733 1015 άπενοεῖτο
754 945 817 1015 άττά
835 958 920 1015 θεῶν
935 949 1062 1032 ἓαυτάν]
1088 952 1175 1028 lego,¹
1199 942 1347 1011 άτιοθεῶν

233 1037 346 1106 ἑαυτὸν.
390 1050 425 1099 ut
440 1057 545 1099 aeneus
560 1036 721 1097 verborum
735 1036 789 1108 ait3
811 1059 907 1117 eoque
926 1037 1091 1109 audaciae,
1112 1037 1176 1095 aire
1190 1034 1348 1114 impuden-

231 1130 307 1203 tiae,
332 1124 470 1199 devenit,
493 1132 528 1181 ut
542 1142 574 1182 ae
592 1122 688 1181 Deum
702 1122 907 1203 praedicaret.
941 1116 1084 1185 Αττάνοια
1097 1121 1177 1181 eninr
1192 1118 1274 1199 apud
1288 1124 1348 1179 Au·

232 1223 328 1272 torem
345 1220 484 1270 nostrum
496 1207 627 1287 ubique,
649 1228 708 1287 pro
724 1208 904 1267 confidentia
919 1208 983 1268 aive
996 1207 1138 1282 audacia,
1169 1214 1348 1284 usurpatur:

233 1296 314 1357 uude
334 1296 429 1371 infra,
451 1293 504 1352 lib.
525 1294 556 1359 5.
578 1312 608 1369 P·
627 1298 682 1357 71.
704 1290 868 1369 habemus,
890 1286 1136 1373 άπονενοημὲνος
1156 1284 1348 1370 πολεμιστής,

232 1381 264 1441 in
287 1380 369 1441 bello
393 1378 504 1439 audax.
554 1377 680 1437 Uliasem
701 1378 850 1437 etiamad
883 1379 990 1438 Circen
1012 1376 1246 1455 ingredientem,
1277 1370 1350 1454 μετά

234 1460 384 1537 &novator
409 1465 566 1544 Αχαϊκῇς,
595 1461 711 1521 Graeca
732 1482 787 1521 aua
812 1464 924 1522 fretum
950 1462 1150 1536 confidentia,
1172 1458 1348 1537 introducit,

233 1572 266 1633 p.
279 1556 332 1618 86.
354 1548 431 1610 Eod.
444 1548 494 1610 lib.
509 1567 614 1607 verum
628 1544 680 1625 huj
686 1546 804 1606 asmodi
820 1548 957 1627 exempla
980 1546 1032 1606 hic
1047 1548 1219 1626 frequenter
1230 1544 1287 1604 tibi
1302 1566 1350 1605 oc-

235 1644 368 1697 current.
427 1634 562 1711 Marsyae
587 1630 736 1710 fabulam,
762 1632 845 1706 iuter
869 1632 964 1709 aliua,
992 1632 1055 1694 late
1081 1630 1279 1714 prosequitur
1306 1629 1350 1691 Jo.

234 1722 336 1782 Tacta.
351 1718 429 1782 Chil.
446 1722 475 1783 1.
494 1717 573 1777 Hiat.
592 1716 642 1781 15.

324 1808 398 1885 Peg.
419 1807 470 1868 77.
494 1806 523 1867 6.
559 1795 699 1875 άνιόντες
718 1794 774 1864 τόν
802 1794 1044 1881 Ελλήσιιοντον]
1078 1797 1099 1863 ά
1127 1794 1351 1878 Ἑλλήσποντος,

236 1889 335 1966 Mare,
358 1880 611 1969 ήΕλλήσιτοντος
623 1887 722 1965 regio,
743 1887 788 1945 sic
807 1885 899 1946 dicta.
943 1884 1087 1967 stephan.
1107 1884 1146 1946 de
1164 1886 1234 1946 urb.
1252 1882 1352 1967 Ettri-

238 1994 384 2050 σιιοντος,
405 1966 541 2054 ἡχάρα,
564 1969 587 2053 ἡ
600 1970 806 2051 παρακειμένη
823 1977 867 2057 τῷ
881 1968 994 2057 κόλπῳ.

323 2060 402 2139 Pog.
424 2062 476 2123 77.
500 2062 550 2122 16.
571 2056 650 2118 ἔνθα
662 2054 777 2137 λέγεται
795 2052 832 2118 τά
853 2062 964 2119 Πυθια
985 2051 1104 2139 θερμά]
1125 2054 1293 2135 Procopius
1313 2052 1351 2115 de

237 2142 398 2217 Iustiniani
420 2138 544 2202 Aedific.
568 2140 671 2223 Πηγαὶ
693 2138 726 2203 δὲ
743 2145 871 2221 θερμῶν
889 2136 984 2221 φάσει
1005 2140 1038 2204 ἐν
1058 2146 1209 2216 Βιθυνοῖς
1228 2135 1351 2204 totam·

238 2217 538 2309 άναβλυστάνονσιν,
568 2226 602 2289 ἐν
627 2218 717 2311 χάρρν
747 2217 839 2306 ὅνπερ
867 2220 1090 2306 ἐπονομάζωσι
1113 2221 1236 2289 Πάθια.
1280 2226 1352 2285 Ora-

239 2315 340 2374 culum
354 2333 430 2373 vero
444 2312 487 2371 ibi
498 2311 569 2371 olim
585 2311 687 2383 fuiaue,
710 2309 792 2370 unde
807 2313 885 2374 sorte
896 2312 983 2373 locua
996 2332 1107 2373 nomen
1117 2310 1270 2389 habuerit,
1288 2321 1353 2373 tuu

239 2420 279 2461 ex
296 2400 425 2475 Nostro,
446 2408 511 2457 tum
527 2416 566 2457 ex
579 2396 646 2476 ipaa
660 2396 746 2456 rocio
757 2398 912 2457 notatione
925 2407 1060 2479 apparet

324 2487 405 2565 Peg.
426 2488 478 2548 77.
502 2485 553 2547 18.
576 2482 604 2544 εἰ
618 2482 648 2544 τί
665 2478 699 2543 δὲ
713 2481 833 2562 ἕσταις]
857 2483 946 2556 ἴσως,
966 2475 1080 2562 ἦτ1ι1’
1098 2479 1197 2559 ἔσταις

326 2570 405 2649 Peg.
427 2570 480 2633 78.
505 2571 534 2632 1.
559 2562 742 2649 ζωγρεάσας]
765 2569 829 2629 Ser.
851 2564 1015 2649 ζωγρήσας.

327 2652 407 2732 Peg.
429 2655 482 2717 78.
506 2656 536 2717 9.
570 2648 625 2714 τάν
655 2646 814 2714 άνάτιλουν
839 2656 895 2729 τῆς
923 2654 1080 2733 Ποντικῆς
1099 2643 1284 2733 θαλάσσης]
1309 2648 1353 2711 Do

241 2736 362 2818 Anaplo
380 2736 521 2813 Pontico,
543 2736 615 2797 vide
628 2736 661 2801 P.
677 2737 830 2816 Gyllium,
853 2736 893 2797 de
908 2738 1046 2818 Bosporo
1062 2735 1213 2812 Thracio,
1234 2736 1257 2799 l.
1274 2744 1305 2803 2.

327 2840 406 2919 Pog.
428 2841 482 2903 78.
507 2843 558 2904 17.
587 2832 666 2901 ὅπου
683 2835 741 2919 τήν
758 2833 891 2918 δύναμιν
913 2833 1104 2921 ἑωράκασιν]
1127 2834 1273 2917 δύναμις,
1296 2856 1354 2915 pro

241 2932 384 3005 apectro,
408 2923 535 3002 apiritu;
554 2922 716 2997 Daemone,
737 2943 793 2985 eeu
805 2924 996 3006 apparitione
1013 2922 1155 3005 quadam,
1176 2922 1260 3003 apud
1271 2920 1353 2981 hunc

241 3009 388 3071 Autorem
403 3007 579 3085 frequenter
588 3019 763 3087 usurpatur.

330 3098 405 3173 Peg.
428 3097 480 3158 78·
507 3097 558 3158 19.
585 3093 773 3171 Σωσθένην]
796 3092 986 3157 Σωσθὲνιαν.
1006 3093 1120 3153 Locum
1136 3089 1354 3152 huncSoetlre·
1415 3160 1422 3169 ,

242 3178 327 3240 nium
352 3187 497 3258 corrupte
521 3178 626 3239 vocari
650 3180 754 3238 usserit
778 3178 811 3239 P.
835 3180 975 3258 Gylliue,
1007 3178 1046 3239 de
1070 3181 1158 3258 Boap.
1179 3177 1288 3237 Thrac.
1302 3176 1353 3236 tib.

243 3270 276 3329 2.
289 3284 354 3344 cap.
376 3262 425 3328 14.
455 3258 509 3341 qui
529 3264 617 3325 etiam
637 3263 850 3323 Leostheuium
872 3284 939 3323 eum
960 3264 1174 3344 appellandum
1191 3261 1353 3322 contendit.

243 3350 291 3409 Ex
309 3347 440 3429 ejusdem
453 3354 554 3408 tamen
571 3349 707 3409 locorum
720 3348 925 3429 descriptione
945 3348 1132 3411 Sortienium
1153 3348 1234 3407 idem
1250 3348 1353 3427 potina

244 3452 309 3493 cuae
323 3432 446 3492 videtur
460 3452 528 3491 cum
544 3434 613 3493 vico
629 3432 815 3510 Miclmlio,
837 3454 929 3513 quem
945 3434 1037 3516 ejusd.
1050 3435 1104 3497 lib.
1118 3455 1145 3497 c.
1168 3439 1219 3499 10.
1242 3432 1355 3493 deacri-

243 3517 304 3576 bit:
326 3518 369 3577 ibi
383 3518 460 3577 eninr
476 3517 615 3579 Michaeli
626 3518 815 3597 Archangelo
836 3519 941 3579 aedem
955 3520 1029 3579 olim
1043 3518 1214 3579 extruxisse
1227 3540 1244 3577 a
1258 3521 1355 3577 Sozo-

245 3622 335 3662 meno
362 3600 543 3684 perhibetur
574 3605 787 3665 Constantiana
816 3604 857 3669 M
878 3604 918 3665 de
939 3626 1002 3686 quo
1029 3605 1123 3687 paulo
1151 3604 1232 3664 infra
1258 3602 1355 3670 Autor

245 3696 358 3748 noater.
550 3709 553 3715 ·

330 3770 405 3853 Pog-
426 3777 480 3841 79.
504 3772 537 3838 4.
558 3770 640 3855 παρά
655 3780 711 3839 τοῦ
726 3770 875 3855 δόγματος
887 3778 951 3838 τοῖν
965 3774 1172 3857 Χριστιανῶν]
1187 3774 1277 3835 locua
1288 3791 1354 3833 mu·

246 3856 335 3917 tiluer
356 3854 417 3919 ἐστὶ
426 3905 435 3934 ,
458 3869 511 3919 aut
526 3860 601 3941 quid
616 3860 676 3920 tale
691 3860 894 3941 supplendum
910 3860 1040 3923 videtur.

332 3939 408 4023 Pffg·
429 3947 484 4009 79.
505 3950 535 4011 8.
566 3940 698 4026 ποιήσας
720 3942 796 4009 κατά
820 3940 969 4019 άνατολάς
990 3940 1101 4026 εὐχήν]
1124 3966 1181 4026 pro
1203 3944 1272 4019 hie,
1293 3944 1353 4003 Ce-

248 4024 359 4087 drenua
370 4026 479 4107 habet,
500 4028 552 4094 ani
565 4028 600 4094 τά
615 4028 672 4114 μὲν
683 4026 905 4115 θυσιαστήριον
926 4026 1006 4115 capric
1024 4028 1178 4106 άνατολάς
1194 4028 1272 4115 ripple
1286 4023 1353 4094 tat·

248 4129 340 4177 770)σῶ
426 4142 429 4152 ’
1206 4152 1214 4161 ·
1386 4130 1389 4137 ¹

331 4200 408 4280 Peg.
431 4202 483 4265 79.
506 4204 557 4267 11.
586 4198 637 4265 ἐπὶ
657 4195 715 4284 τήν
739 4198 896 4287 Ποντικήν
916 4196 1125 4282 ditonum]
1151 4200 1277 4283 cuppla,
1296 4191 1355 4263 θά-

247 4286 376 4361 λασσαν,
397 4302 438 4344 ex
452 4284 598 4351 cedreno.
