<?xml version="1.0" encoding="UTF-8"?>
<!DOCTYPE html PUBLIC "-//W3C//DTD XHTML 1.0 Transitional//EN"
    "http://www.w3.org/TR/xhtml1/DTD/xhtml1-transitional.dtd">
<html xmlns="http://www.w3.org/1999/xhtml" xml:lang="en" lang="en">
 <head>
  <title>
</title>
<meta http-equiv="Content-Type" content="text/html;charset=utf-8" />
  <meta name='ocr-system' content='tesseract 3.04.00' />
  <meta name='ocr-capabilities' content='ocr_page ocr_carea ocr_par ocr_line ocrx_word'/>
</head>
<body>
  <div class='ocr_page' id='page_1' title='image "./corpusscriptoru35theogoog/corpusscriptoru35theogoog_0889.png"; bbox 0 0 2950 4817; ppageno 0'>
   <div class='ocr_carea' id='block_1_1' title="bbox 509 278 1241 368">
    <p class='ocr_par' dir='ltr' id='par_1_1' title="bbox 509 278 1241 368">
     <span class='ocr_line' id='line_1_1' title="bbox 509 278 1241 368; baseline 0.004 -20"><span class='ocrx_word' id='word_1_1' title='bbox 509 278 869 350; x_wconf 74' lang='lat' dir='ltr'><strong>umornnouns.</strong></span> <span class='ocrx_word' id='word_1_2' title='bbox 1164 291 1241 368; x_wconf 68' lang='lat'><strong>&lt;323</strong></span> 
     </span>
    </p>
   </div>
   <div class='ocr_carea' id='block_1_2' title="bbox 132 433 1244 622">
    <p class='ocr_par' dir='ltr' id='par_1_2' title="bbox 132 433 1244 622">
     <span class='ocr_line' id='line_1_2' title="bbox 134 433 1243 539; baseline 0.005 -21"><span class='ocrx_word' id='word_1_3' title='bbox 134 438 396 536; x_wconf 55' lang='lat' dir='ltr'><strong>Hmpinsassriv</strong></span> <span class='ocrx_word' id='word_1_4' title='bbox 413 433 472 520; x_wconf 72' lang='lat' dir='ltr'><strong>cari</strong></span> <span class='ocrx_word' id='word_1_5' title='bbox 489 461 634 539; x_wconf 70' lang='lat' dir='ltr'><strong>Arnapor</strong></span> <span class='ocrx_word' id='word_1_6' title='bbox 655 454 754 520; x_wconf 78' lang='lat' dir='ltr'><strong>naida</strong></span> <span class='ocrx_word' id='word_1_7' title='bbox 772 463 831 517; x_wconf 90' lang='lat' dir='ltr'><strong>etc.</strong></span> <span class='ocrx_word' id='word_1_8' title='bbox 884 452 1037 520; x_wconf 71' lang='lat' dir='ltr'><strong>Patricius</strong></span> <span class='ocrx_word' id='word_1_9' title='bbox 1058 455 1152 534; x_wconf 86' lang='lat' dir='ltr'><strong>enim,</strong></span> <span class='ocrx_word' id='word_1_10' title='bbox 1178 459 1243 523; x_wconf 80' lang='lat' dir='ltr'><strong>aive</strong></span> 
     </span>
     <span class='ocr_line' id='line_1_3' title="bbox 132 537 1244 622; baseline 0.003 -20"><span class='ocrx_word' id='word_1_11' title='bbox 132 537 331 617; x_wconf 78' lang='lat' dir='ltr'><strong>Patriciolua,</strong></span> <span class='ocrx_word' id='word_1_12' title='bbox 353 541 454 603; x_wconf 81' lang='lat' dir='ltr'><strong>dictus</strong></span> <span class='ocrx_word' id='word_1_13' title='bbox 472 551 517 602; x_wconf 85' lang='lat' dir='ltr'><strong>est</strong></span> <span class='ocrx_word' id='word_1_14' title='bbox 540 540 665 622; x_wconf 69' lang='lat' dir='ltr'><strong>Aspar-ie</strong></span> <span class='ocrx_word' id='word_1_15' title='bbox 686 540 768 602; x_wconf 86' lang='lat' dir='ltr'><strong>filius</strong></span> <span class='ocrx_word' id='word_1_16' title='bbox 786 551 859 600; x_wconf 89' lang='lat' dir='ltr'><strong>natu</strong></span> <span class='ocrx_word' id='word_1_17' title='bbox 883 542 991 606; x_wconf 87' lang='lat' dir='ltr'><strong>minor.</strong></span> <span class='ocrx_word' id='word_1_18' title='bbox 1034 542 1187 603; x_wconf 85' lang='lat' dir='ltr'><strong>Habemus</strong></span> <span class='ocrx_word' id='word_1_19' title='bbox 1203 565 1244 606; x_wconf 83' lang='lat' dir='ltr'><strong>ex</strong></span> 
     </span>
    </p>
   </div>
   <div class='ocr_carea' id='block_1_3' title="bbox 131 626 1346 709">
    <p class='ocr_par' dir='ltr' id='par_1_3' title="bbox 131 626 1346 709">
     <span class='ocr_line' id='line_1_4' title="bbox 131 626 1346 709; baseline 0.004 -24"><span class='ocrx_word' id='word_1_20' title='bbox 131 626 300 702; x_wconf 85' lang='lat' dir='ltr'><strong>Jcrneude,</strong></span> <span class='ocrx_word' id='word_1_21' title='bbox 323 628 362 690; x_wconf 90' lang='lat' dir='ltr'><strong>de</strong></span> <span class='ocrx_word' id='word_1_22' title='bbox 381 626 456 688; x_wconf 75' lang='lat' dir='ltr'><strong>neb.</strong></span> <span class='ocrx_word' id='word_1_23' title='bbox 477 627 544 690; x_wconf 81' lang='lat' dir='ltr'><strong>Get.</strong></span> <span class='ocrx_word' id='word_1_24' title='bbox 565 635 594 687; x_wconf 89' lang='lat' dir='ltr'><strong>ct</strong></span> <span class='ocrx_word' id='word_1_25' title='bbox 618 627 794 688; x_wconf 79' lang='lat' dir='ltr'><strong>Marcellino</strong></span> <span class='ocrx_word' id='word_1_26' title='bbox 818 627 905 690; x_wconf 83' lang='lat' dir='ltr'><strong>Com.</strong></span> <span class='ocrx_word' id='word_1_27' title='bbox 932 647 1062 707; x_wconf 88' lang='lat' dir='ltr'><strong>quorum</strong></span> <span class='ocrx_word' id='word_1_28' title='bbox 1083 628 1242 709; x_wconf 85' lang='lat' dir='ltr'><strong>utriusque</strong></span> <span class='ocrx_word' id='word_1_29' title='bbox 1335 641 1346 662; x_wconf 84' lang='lat'><em>&#39;</em></span> 
     </span>
    </p>
   </div>
   <div class='ocr_carea' id='block_1_4' title="bbox 70 705 1301 4383">
    <p class='ocr_par' dir='ltr' id='par_1_4' title="bbox 70 705 1243 2047">
     <span class='ocr_line' id='line_1_5' title="bbox 129 705 1243 793; baseline 0.004 -25"><span class='ocrx_word' id='word_1_30' title='bbox 129 705 207 772; x_wconf 84' lang='lat' dir='ltr'><strong>lraac</strong></span> <span class='ocrx_word' id='word_1_31' title='bbox 223 711 316 774; x_wconf 79' lang='lat' dir='ltr'><strong>verba</strong></span> <span class='ocrx_word' id='word_1_32' title='bbox 332 721 421 774; x_wconf 82' lang='lat' dir='ltr'><strong>sunl:</strong></span> <span class='ocrx_word' id='word_1_33' title='bbox 446 711 552 793; x_wconf 82' lang='lat' dir='ltr'><strong>Aspar</strong></span> <span class='ocrx_word' id='word_1_34' title='bbox 567 711 683 791; x_wconf 76' lang='lat' dir='ltr'><strong>primur</strong></span> <span class='ocrx_word' id='word_1_35' title='bbox 702 711 923 787; x_wconf 80' lang='lat' dir='ltr'><strong>Patriciomm,</strong></span> <span class='ocrx_word' id='word_1_36' title='bbox 945 735 1012 773; x_wconf 86' lang='lat' dir='ltr'><strong>cum</strong></span> <span class='ocrx_word' id='word_1_37' title='bbox 1033 711 1197 774; x_wconf 78' lang='lat' dir='ltr'><strong>Ardabae-e</strong></span> <span class='ocrx_word' id='word_1_38' title='bbox 1214 728 1243 774; x_wconf 86' lang='lat' dir='ltr'><strong>et</strong></span> 
     </span>
     <span class='ocr_line' id='line_1_6' title="bbox 131 793 1242 880; baseline 0 -22"><span class='ocrx_word' id='word_1_39' title='bbox 131 793 401 880; x_wconf 73' lang='lat' dir='ltr'><strong>Parricicloflliie‚</strong></span> <span class='ocrx_word' id='word_1_40' title='bbox 425 794 481 858; x_wconf 84' lang='lat' dir='ltr'><strong>illo</strong></span> <span class='ocrx_word' id='word_1_41' title='bbox 505 793 622 878; x_wconf 81' lang='lat' dir='ltr'><strong>quidem</strong></span> <span class='ocrx_word' id='word_1_42' title='bbox 642 793 716 858; x_wconf 88' lang='lat' dir='ltr'><strong>clim</strong></span> <span class='ocrx_word' id='word_1_43' title='bbox 736 795 888 875; x_wconf 78' lang='lat' dir='ltr'><strong>Patricio,</strong></span> <span class='ocrx_word' id='word_1_44' title='bbox 908 797 1082 859; x_wconf 70' lang='lat' dir='ltr'><strong>iocantem</strong></span> <span class='ocrx_word' id='word_1_45' title='bbox 1109 795 1242 871; x_wconf 66' lang='lat' dir='ltr'><strong>sternte,</strong></span> 
     </span>
     <span class='ocr_line' id='line_1_7' title="bbox 127 878 1243 964; baseline 0.002 -24"><span class='ocrx_word' id='word_1_46' title='bbox 127 902 294 964; x_wconf 78' lang='lat' dir='ltr'><strong>generoque</strong></span> <span class='ocrx_word' id='word_1_47' title='bbox 306 881 418 944; x_wconf 75' lang='lat' dir='ltr'><strong>Leonic</strong></span> <span class='ocrx_word' id='word_1_48' title='bbox 435 878 603 961; x_wconf 81' lang='lat' dir='ltr'><strong>appellato,</strong></span> <span class='ocrx_word' id='word_1_49' title='bbox 624 880 780 943; x_wconf 78' lang='lat' dir='ltr'><strong>Arrianus</strong></span> <span class='ocrx_word' id='word_1_50' title='bbox 793 903 861 942; x_wconf 85' lang='lat' dir='ltr'><strong>cum</strong></span> <span class='ocrx_word' id='word_1_51' title='bbox 877 880 1016 943; x_wconf 75' lang='lat' dir='ltr'><strong>Arriano</strong></span> <span class='ocrx_word' id='word_1_52' title='bbox 1025 879 1111 964; x_wconf 80' lang='lat' dir='ltr'><strong>prole</strong></span> <span class='ocrx_word' id='word_1_53' title='bbox 1122 879 1243 964; x_wconf 86' lang='lat' dir='ltr'><strong>Spado-</strong></span> 
     </span>
     <span class='ocr_line' id='line_1_8' title="bbox 130 948 1242 1048; baseline 0.002 -22"><span class='ocrx_word' id='word_1_54' title='bbox 130 989 203 1026; x_wconf 87' lang='lat' dir='ltr'><strong>num</strong></span> <span class='ocrx_word' id='word_1_55' title='bbox 217 964 332 1027; x_wconf 79' lang='lat' dir='ltr'><strong>ensibus</strong></span> <span class='ocrx_word' id='word_1_56' title='bbox 346 969 377 1026; x_wconf 85' lang='lat' dir='ltr'><strong>in</strong></span> <span class='ocrx_word' id='word_1_57' title='bbox 395 963 514 1047; x_wconf 77' lang='lat' dir='ltr'><strong>palatio</strong></span> <span class='ocrx_word' id='word_1_58' title='bbox 533 963 702 1026; x_wconf 75' lang='lat' dir='ltr'><strong>uubrernrua</strong></span> <span class='ocrx_word' id='word_1_59' title='bbox 723 967 844 1029; x_wconf 83' lang='lat' dir='ltr'><strong>interiit.</strong></span> <span class='ocrx_word' id='word_1_60' title='bbox 885 948 999 1026; x_wconf 83' lang='lat' dir='ltr'><strong>lindam</strong></span> <span class='ocrx_word' id='word_1_61' title='bbox 1020 967 1112 1029; x_wconf 88' lang='lat' dir='ltr'><strong>modo</strong></span> <span class='ocrx_word' id='word_1_62' title='bbox 1133 976 1242 1048; x_wconf 83' lang='lat' dir='ltr'><strong>peccat</strong></span> 
     </span>
     <span class='ocr_line' id='line_1_9' title="bbox 129 1049 1241 1131; baseline 0.002 -21"><span class='ocrx_word' id='word_1_63' title='bbox 129 1061 162 1110; x_wconf 82' lang='lat' dir='ltr'><strong>at</strong></span> <span class='ocrx_word' id='word_1_64' title='bbox 179 1051 332 1111; x_wconf 87' lang='lat' dir='ltr'><strong>Cedrenus</strong></span> <span class='ocrx_word' id='word_1_65' title='bbox 350 1052 422 1112; x_wconf 90' lang='lat' dir='ltr'><strong>olim</strong></span> <span class='ocrx_word' id='word_1_66' title='bbox 435 1050 597 1112; x_wconf 76' lang='lat' dir='ltr'><strong>Patricium</strong></span> <span class='ocrx_word' id='word_1_67' title='bbox 610 1051 702 1112; x_wconf 82' lang='lat' dir='ltr'><strong>luisse</strong></span> <span class='ocrx_word' id='word_1_68' title='bbox 718 1052 762 1112; x_wconf 90' lang='lat' dir='ltr'><strong>ait</strong></span> <span class='ocrx_word' id='word_1_69' title='bbox 777 1051 982 1128; x_wconf 79' lang='lat' dir='ltr'><strong>Marcellinus,</strong></span> <span class='ocrx_word' id='word_1_70' title='bbox 1006 1049 1077 1112; x_wconf 90' lang='lat' dir='ltr'><strong>inde</strong></span> <span class='ocrx_word' id='word_1_71' title='bbox 1093 1061 1151 1129; x_wconf 85' lang='lat' dir='ltr'><strong>est,</strong></span> <span class='ocrx_word' id='word_1_72' title='bbox 1170 1053 1241 1131; x_wconf 89' lang='lat' dir='ltr'><strong>qnia</strong></span> 
     </span>
     <span class='ocr_line' id='line_1_10' title="bbox 130 1135 1241 1216; baseline 0.004 -22"><span class='ocrx_word' id='word_1_73' title='bbox 130 1135 265 1196; x_wconf 87' lang='lat' dir='ltr'><strong>adhunc</strong></span> <span class='ocrx_word' id='word_1_74' title='bbox 281 1136 477 1216; x_wconf 79' lang='lat' dir='ltr'><strong>Leonislmp.</strong></span> <span class='ocrx_word' id='word_1_75' title='bbox 500 1156 612 1195; x_wconf 90' lang='lat' dir='ltr'><strong>annum</strong></span> <span class='ocrx_word' id='word_1_76' title='bbox 633 1157 706 1214; x_wconf 75' lang='lat' dir='ltr'><strong>arv,</strong></span> <span class='ocrx_word' id='word_1_77' title='bbox 728 1137 813 1216; x_wconf 89' lang='lat' dir='ltr'><strong>(quo</strong></span> <span class='ocrx_word' id='word_1_78' title='bbox 828 1137 1021 1198; x_wconf 66' lang='lat' dir='ltr'><strong>Marcellinus</strong></span> <span class='ocrx_word' id='word_1_79' title='bbox 1042 1137 1103 1198; x_wconf 90' lang='lat' dir='ltr'><strong>hoc</strong></span> <span class='ocrx_word' id='word_1_80' title='bbox 1125 1137 1241 1200; x_wconf 81' lang='lat' dir='ltr'><strong>lactum</strong></span> 
     </span>
     <span class='ocr_line' id='line_1_11' title="bbox 127 1219 1241 1302; baseline -0.001 -20"><span class='ocrx_word' id='word_1_81' title='bbox 127 1219 217 1300; x_wconf 77' lang='lat' dir='ltr'><strong>vult)</strong></span> <span class='ocrx_word' id='word_1_82' title='bbox 232 1221 302 1282; x_wconf 84' lang='lat' dir='ltr'><strong>anni</strong></span> <span class='ocrx_word' id='word_1_83' title='bbox 319 1222 414 1302; x_wconf 86' lang='lat' dir='ltr'><strong>clapsi</strong></span> <span class='ocrx_word' id='word_1_84' title='bbox 429 1223 551 1282; x_wconf 84' lang='lat' dir='ltr'><strong>suerent</strong></span> <span class='ocrx_word' id='word_1_85' title='bbox 569 1243 650 1298; x_wconf 83' lang='lat' dir='ltr'><strong>xxv,</strong></span> <span class='ocrx_word' id='word_1_86' title='bbox 679 1243 718 1282; x_wconf 85' lang='lat' dir='ltr'><strong>ex</strong></span> <span class='ocrx_word' id='word_1_87' title='bbox 740 1241 802 1301; x_wconf 88' lang='lat' dir='ltr'><strong>quc</strong></span> <span class='ocrx_word' id='word_1_88' title='bbox 816 1222 1013 1282; x_wconf 84' lang='lat' dir='ltr'><strong>Consulatum</strong></span> <span class='ocrx_word' id='word_1_89' title='bbox 1034 1231 1166 1301; x_wconf 79' lang='lat' dir='ltr'><strong>gesserat</strong></span> <span class='ocrx_word' id='word_1_90' title='bbox 1184 1227 1241 1281; x_wconf 76' lang='lat' dir='ltr'><strong>lr-</strong></span> 
     </span>
     <span class='ocr_line' id='line_1_12' title="bbox 129 1305 1241 1384; baseline 0 -18"><span class='ocrx_word' id='word_1_91' title='bbox 129 1305 273 1368; x_wconf 85' lang='lat' dir='ltr'><strong>daburea.</strong></span> <span class='ocrx_word' id='word_1_92' title='bbox 298 1306 533 1384; x_wconf 74' lang='lat' dir='ltr'><strong>«corrigendum</strong></span> <span class='ocrx_word' id='word_1_93' title='bbox 547 1307 635 1367; x_wconf 87' lang='lat' dir='ltr'><strong>otiam</strong></span> <span class='ocrx_word' id='word_1_94' title='bbox 650 1305 721 1368; x_wconf 85' lang='lat' dir='ltr'>Chr.</span> <span class='ocrx_word' id='word_1_95' title='bbox 738 1307 824 1366; x_wconf 77' lang='lat' dir='ltr'><strong>Alex.</strong></span> <span class='ocrx_word' id='word_1_96' title='bbox 846 1307 898 1367; x_wconf 86' lang='lat' dir='ltr'><strong>ubi</strong></span> <span class='ocrx_word' id='word_1_97' title='bbox 920 1307 997 1368; x_wconf 86' lang='lat' dir='ltr'><strong>hacc</strong></span> <span class='ocrx_word' id='word_1_98' title='bbox 1015 1308 1241 1368; x_wconf 79' lang='lat' dir='ltr'><strong>mendosissimae</strong></span> 
     </span>
     <span class='ocr_line' id='line_1_13' title="bbox 70 1389 1242 1472; baseline 0.001 -21"><span class='ocrx_word' id='word_1_99' title='bbox 70 1407 72 1412; x_wconf 81' lang='grc'>’</span> <span class='ocrx_word' id='word_1_100' title='bbox 123 1389 285 1452; x_wconf 78' lang='lat' dir='ltr'><strong>habentur.</strong></span> <span class='ocrx_word' id='word_1_101' title='bbox 308 1391 600 1472; x_wconf 81' lang='lat' dir='ltr'><strong>Christcphoraonus</strong></span> <span class='ocrx_word' id='word_1_102' title='bbox 622 1391 727 1468; x_wconf 83' lang='lat' dir='ltr'><strong>ctiam,</strong></span> <span class='ocrx_word' id='word_1_103' title='bbox 749 1392 871 1469; x_wconf 84' lang='lat' dir='ltr'><strong>Evagrii</strong></span> <span class='ocrx_word' id='word_1_104' title='bbox 887 1394 1055 1472; x_wconf 85' lang='lat' dir='ltr'><strong>interpres,</strong></span> <span class='ocrx_word' id='word_1_105' title='bbox 1076 1393 1242 1454; x_wconf 76' lang='lat' dir='ltr'><strong>Auctorem</strong></span> 
     </span>
     <span class='ocr_line' id='line_1_14' title="bbox 125 1477 1241 1559; baseline 0.002 -23"><span class='ocrx_word' id='word_1_106' title='bbox 125 1497 217 1538; x_wconf 86' lang='lat' dir='ltr'><strong>auum</strong></span> <span class='ocrx_word' id='word_1_107' title='bbox 236 1477 390 1559; x_wconf 88' lang='lat' dir='ltr'><strong>corrupit,</strong></span> <span class='ocrx_word' id='word_1_108' title='bbox 411 1477 465 1536; x_wconf 90' lang='lat' dir='ltr'><strong>ubi</strong></span> <span class='ocrx_word' id='word_1_109' title='bbox 480 1477 572 1536; x_wconf 81' lang='lat' dir='ltr'><strong>verba</strong></span> <span class='ocrx_word' id='word_1_110' title='bbox 586 1477 650 1556; x_wconf 84' lang='lat' dir='ltr'><strong>ejus</strong></span> <span class='ocrx_word' id='word_1_111' title='bbox 667 1485 862 1556; x_wconf 79' lang='lat' dir='ltr'><strong>pervertens,</strong></span> <span class='ocrx_word' id='word_1_112' title='bbox 883 1499 944 1538; x_wconf 89' lang='lat' dir='ltr'><strong>uon</strong></span> <span class='ocrx_word' id='word_1_113' title='bbox 963 1477 1143 1555; x_wconf 74' lang='lat' dir='ltr'><strong>Patricium,</strong></span> <span class='ocrx_word' id='word_1_114' title='bbox 1164 1486 1241 1538; x_wconf 85' lang='lat' dir='ltr'><strong>natu</strong></span> 
     </span>
     <span class='ocr_line' id='line_1_15' title="bbox 125 1560 1241 1644; baseline 0.003 -22"><span class='ocrx_word' id='word_1_115' title='bbox 125 1563 291 1641; x_wconf 86' lang='lat' dir='ltr'><strong>minorem,</strong></span> <span class='ocrx_word' id='word_1_116' title='bbox 305 1563 358 1624; x_wconf 79' lang='lat' dir='ltr'><strong>scd</strong></span> <span class='ocrx_word' id='word_1_117' title='bbox 370 1561 575 1623; x_wconf 73' lang='lat' dir='ltr'><strong>Ardaburium</strong></span> <span class='ocrx_word' id='word_1_118' title='bbox 588 1562 714 1642; x_wconf 62' lang='lat' dir='ltr'><strong>asperis</strong></span> <span class='ocrx_word' id='word_1_119' title='bbox 727 1560 762 1622; x_wconf 85' lang='lat' dir='ltr'><strong>P.</strong></span> <span class='ocrx_word' id='word_1_120' title='bbox 783 1570 859 1621; x_wconf 82' lang='lat' dir='ltr'><strong>natu</strong></span> <span class='ocrx_word' id='word_1_121' title='bbox 870 1563 1015 1644; x_wconf 85' lang='lat' dir='ltr'><strong>majorem</strong></span> <span class='ocrx_word' id='word_1_122' title='bbox 1022 1608 1032 1640; x_wconf 95' lang='lat'><strong>,</strong></span> <span class='ocrx_word' id='word_1_123' title='bbox 1055 1582 1123 1624; x_wconf 86' lang='lat' dir='ltr'><strong>aum</strong></span> <span class='ocrx_word' id='word_1_124' title='bbox 1137 1582 1241 1625; x_wconf 80' lang='lat' dir='ltr'><strong>creare</strong></span> 
     </span>
     <span class='ocr_line' id='line_1_16' title="bbox 124 1647 1190 1710; baseline -0.008 -4"><span class='ocrx_word' id='word_1_125' title='bbox 124 1647 209 1710; x_wconf 79' lang='lat' dir='ltr'><strong>fucit.</strong></span> <span class='ocrx_word' id='word_1_126' title='bbox 1182 1681 1190 1698; x_wconf 85' lang='lat'><strong>.</strong></span> 
     </span>
     <span class='ocr_line' id='line_1_17' title="bbox 212 1725 1240 1813; baseline 0.003 -21"><span class='ocrx_word' id='word_1_127' title='bbox 212 1729 287 1812; x_wconf 74' lang='lat' dir='ltr'><strong>Pop·</strong></span> <span class='ocrx_word' id='word_1_128' title='bbox 308 1735 381 1798; x_wconf 99' lang='grc'><strong>871.</strong></span> <span class='ocrx_word' id='word_1_129' title='bbox 404 1734 456 1796; x_wconf 91' lang='grc'><strong>17.</strong></span> <span class='ocrx_word' id='word_1_130' title='bbox 475 1726 528 1792; x_wconf 80' lang='lat' dir='ltr'><strong>sul</strong></span> <span class='ocrx_word' id='word_1_131' title='bbox 542 1729 698 1810; x_wconf 73' lang='grc' dir='ltr'><strong>συμβολῆς</strong></span> <span class='ocrx_word' id='word_1_132' title='bbox 708 1727 872 1810; x_wconf 69' lang='grc' dir='ltr'><strong><em>γενομένης</em></strong></span> <span class='ocrx_word' id='word_1_133' title='bbox 880 1725 960 1810; x_wconf 74' lang='lat' dir='ltr'><strong>&#39;parci</strong></span> <span class='ocrx_word' id='word_1_134' title='bbox 979 1733 1044 1793; x_wconf 74' lang='lat' dir='ltr'><strong>eoin</strong></span> <span class='ocrx_word' id='word_1_135' title='bbox 1062 1725 1240 1813; x_wconf 72' lang='grc' dir='ltr'><strong><em>ἔξκουβιτό·</em></strong></span> 
     </span>
     <span class='ocr_line' id='line_1_18' title="bbox 126 1811 1240 1900; baseline 0 -22"><span class='ocrx_word' id='word_1_136' title='bbox 126 1815 220 1900; x_wconf 77' lang='lat' dir='ltr'><strong>pus.]</strong></span> <span class='ocrx_word' id='word_1_137' title='bbox 242 1817 301 1876; x_wconf 85' lang='lat' dir='ltr'><strong>leta</strong></span> <span class='ocrx_word' id='word_1_138' title='bbox 316 1817 412 1875; x_wconf 85' lang='lat' dir='ltr'><strong>vertit</strong></span> <span class='ocrx_word' id='word_1_139' title='bbox 422 1813 484 1874; x_wconf 90' lang='lat' dir='ltr'><strong>hoc</strong></span> <span class='ocrx_word' id='word_1_140' title='bbox 494 1815 585 1874; x_wconf 90' lang='lat' dir='ltr'><strong>modo</strong></span> <span class='ocrx_word' id='word_1_141' title='bbox 602 1813 674 1876; x_wconf 83' lang='lat' dir='ltr'><strong>chr.</strong></span> <span class='ocrx_word' id='word_1_142' title='bbox 688 1811 777 1876; x_wconf 76' lang='lat' dir='ltr'><strong>Alex.</strong></span> <span class='ocrx_word' id='word_1_143' title='bbox 790 1815 958 1894; x_wconf 75' lang='lat' dir='ltr'><strong>interpres:</strong></span> <span class='ocrx_word' id='word_1_144' title='bbox 979 1830 1008 1874; x_wconf 78' lang='lat' dir='ltr'><strong>ea</strong></span> <span class='ocrx_word' id='word_1_145' title='bbox 1020 1820 1240 1878; x_wconf 82' lang='lat' dir='ltr'><strong>communicato</strong></span> 
     </span>
     <span class='ocr_line' id='line_1_19' title="bbox 126 1896 1238 1982; baseline 0.001 -21"><span class='ocrx_word' id='word_1_146' title='bbox 126 1922 194 1961; x_wconf 81' lang='lat' dir='ltr'><strong>cem</strong></span> <span class='ocrx_word' id='word_1_147' title='bbox 209 1897 444 1963; x_wconf 76' lang='lat' dir='ltr'><strong>Eaembiaoribue</strong></span> <span class='ocrx_word' id='word_1_148' title='bbox 462 1896 606 1979; x_wconf 65' lang='lat' dir='ltr'><strong>concilior</strong></span> <span class='ocrx_word' id='word_1_149' title='bbox 627 1899 770 1981; x_wconf 77' lang='lat' dir='ltr'><strong>pessime:</strong></span> <span class='ocrx_word' id='word_1_150' title='bbox 790 1919 848 1960; x_wconf 87' lang='lat' dir='ltr'><strong>nec</strong></span> <span class='ocrx_word' id='word_1_151' title='bbox 859 1898 967 1964; x_wconf 81' lang='lat' dir='ltr'><strong>inlice</strong></span> <span class='ocrx_word' id='word_1_152' title='bbox 980 1901 1048 1982; x_wconf 87' lang='lat' dir='ltr'><strong>ipso</strong></span> <span class='ocrx_word' id='word_1_153' title='bbox 1067 1921 1172 1964; x_wconf 81' lang='lat' dir='ltr'><strong>errore</strong></span> <span class='ocrx_word' id='word_1_154' title='bbox 1187 1901 1238 1962; x_wconf 84' lang='lat' dir='ltr'><strong>hic</strong></span> 
     </span>
     <span class='ocr_line' id='line_1_20' title="bbox 123 1994 314 2047; baseline 0 -1"><span class='ocrx_word' id='word_1_155' title='bbox 123 1995 241 2046; x_wconf 85' lang='lat' dir='ltr'><strong>tantum</strong></span> <span class='ocrx_word' id='word_1_156' title='bbox 259 1994 314 2047; x_wconf 85' lang='lat' dir='ltr'><strong>est.</strong></span> 
     </span>
    </p>

    <p class='ocr_par' dir='ltr' id='par_1_5' title="bbox 121 2063 1301 2659">
     <span class='ocr_line' id='line_1_21' title="bbox 210 2063 1240 2156; baseline 0 -24"><span class='ocrx_word' id='word_1_157' title='bbox 210 2069 291 2156; x_wconf 24' lang='lat' dir='ltr'><strong>Peg..</strong></span> <span class='ocrx_word' id='word_1_158' title='bbox 304 2071 378 2136; x_wconf 79' lang='lat'><strong>372.</strong></span> <span class='ocrx_word' id='word_1_159' title='bbox 398 2073 429 2136; x_wconf 87' lang='lat'><strong>6.</strong></span> <span class='ocrx_word' id='word_1_160' title='bbox 452 2066 573 2153; x_wconf 68' lang='grc' dir='ltr'><strong>ἔβρεξεν</strong></span> <span class='ocrx_word' id='word_1_161' title='bbox 593 2067 628 2133; x_wconf 72' lang='lat' dir='ltr'><strong>lv</strong></span> <span class='ocrx_word' id='word_1_162' title='bbox 642 2063 967 2134; x_wconf 62' lang='lat' dir='ltr'><strong>unvammeins·</strong></span> <span class='ocrx_word' id='word_1_163' title='bbox 987 2068 1126 2150; x_wconf 66' lang='lat' dir='ltr'><strong>sonim]</strong></span> <span class='ocrx_word' id='word_1_164' title='bbox 1147 2070 1240 2132; x_wconf 78' lang='lat' dir='ltr'><strong>Acci-</strong></span> 
     </span>
     <span class='ocr_line' id='line_1_22' title="bbox 125 2154 1241 2237; baseline 0 -21"><span class='ocrx_word' id='word_1_165' title='bbox 125 2154 171 2216; x_wconf 87' lang='lat' dir='ltr'><strong>dit</strong></span> <span class='ocrx_word' id='word_1_166' title='bbox 186 2154 244 2216; x_wconf 86' lang='lat' dir='ltr'><strong>hcc</strong></span> <span class='ocrx_word' id='word_1_167' title='bbox 259 2157 368 2216; x_wconf 81' lang='lat' dir='ltr'><strong>Leonis</strong></span> <span class='ocrx_word' id='word_1_168' title='bbox 380 2155 459 2237; x_wconf 82' lang='lat' dir='ltr'><strong>imp.</strong></span> <span class='ocrx_word' id='word_1_169' title='bbox 473 2175 552 2216; x_wconf 88' lang='lat' dir='ltr'><strong>anno</strong></span> <span class='ocrx_word' id='word_1_170' title='bbox 573 2173 627 2232; x_wconf 82' lang='lat' dir='ltr'><strong>xv,</strong></span> <span class='ocrx_word' id='word_1_171' title='bbox 648 2173 687 2215; x_wconf 84' lang='lat' dir='ltr'><strong>ax</strong></span> <span class='ocrx_word' id='word_1_172' title='bbox 709 2155 836 2216; x_wconf 82' lang='lat' dir='ltr'><strong>Veauvli</strong></span> <span class='ocrx_word' id='word_1_173' title='bbox 851 2155 964 2216; x_wconf 88' lang='lat' dir='ltr'><strong>montis</strong></span> <span class='ocrx_word' id='word_1_174' title='bbox 983 2154 1084 2234; x_wconf 83' lang='lat' dir='ltr'><strong>ignitis</strong></span> <span class='ocrx_word' id='word_1_175' title='bbox 1102 2157 1241 2237; x_wconf 82' lang='lat' dir='ltr'><strong>eruptio-</strong></span> 
     </span>
     <span class='ocr_line' id='line_1_23' title="bbox 123 2239 1241 2315; baseline 0 -13"><span class='ocrx_word' id='word_1_176' title='bbox 123 2241 229 2302; x_wconf 83' lang='lat' dir='ltr'><strong>nibus:</strong></span> <span class='ocrx_word' id='word_1_177' title='bbox 260 2241 306 2302; x_wconf 88' lang='lat' dir='ltr'><strong>uti</strong></span> <span class='ocrx_word' id='word_1_178' title='bbox 327 2260 365 2301; x_wconf 82' lang='lat' dir='ltr'><strong>ex</strong></span> <span class='ocrx_word' id='word_1_179' title='bbox 384 2240 561 2302; x_wconf 72' lang='lat' dir='ltr'><strong>Marcellino</strong></span> <span class='ocrx_word' id='word_1_180' title='bbox 583 2239 700 2300; x_wconf 78' lang='lat' dir='ltr'><strong>comite</strong></span> <span class='ocrx_word' id='word_1_181' title='bbox 722 2239 887 2315; x_wconf 82' lang='lat' dir='ltr'><strong>discimm,</strong></span> <span class='ocrx_word' id='word_1_182' title='bbox 916 2240 956 2301; x_wconf 86' lang='lat' dir='ltr'><strong>ad</strong></span> <span class='ocrx_word' id='word_1_183' title='bbox 977 2241 1094 2314; x_wconf 83' lang='lat' dir='ltr'><strong>dictum</strong></span> <span class='ocrx_word' id='word_1_184' title='bbox 1117 2261 1241 2308; x_wconf 88' lang='lat' dir='ltr'><strong>annum.</strong></span> 
     </span>
     <span class='ocr_line' id='line_1_24' title="bbox 126 2320 1239 2407; baseline -0.002 -20"><span class='ocrx_word' id='word_1_185' title='bbox 126 2323 273 2388; x_wconf 73' lang='lat' dir='ltr'><strong>Vesuuina</strong></span> <span class='ocrx_word' id='word_1_186' title='bbox 291 2321 387 2386; x_wconf 79' lang='lat' dir='ltr'><strong>Mam</strong></span> <span class='ocrx_word' id='word_1_187' title='bbox 410 2321 595 2407; x_wconf 73' lang='lat' dir='ltr'><strong>Campaniae</strong></span> <span class='ocrx_word' id='word_1_188' title='bbox 620 2320 753 2385; x_wconf 72' lang='lat' dir='ltr'><strong>torridus</strong></span> <span class='ocrx_word' id='word_1_189' title='bbox 777 2327 925 2386; x_wconf 72' lang='lat' dir='ltr'><strong>intertinia</strong></span> <span class='ocrx_word' id='word_1_190' title='bbox 949 2324 1069 2406; x_wconf 74' lang='lat' dir='ltr'><strong>ignibus</strong></span> <span class='ocrx_word' id='word_1_191' title='bbox 1089 2341 1239 2403; x_wconf 75' lang='lat' dir='ltr'><strong>aestuans,</strong></span> 
     </span>
     <span class='ocr_line' id='line_1_25' title="bbox 123 2407 1239 2492; baseline -0.002 -20"><span class='ocrx_word' id='word_1_192' title='bbox 123 2425 233 2472; x_wconf 68' lang='lat' dir='ltr'><strong>wana</strong></span> <span class='ocrx_word' id='word_1_193' title='bbox 248 2410 341 2472; x_wconf 80' lang='lat' dir='ltr'><strong>uomit</strong></span> <span class='ocrx_word' id='word_1_194' title='bbox 354 2410 483 2485; x_wconf 64' lang='lat' dir='ltr'><strong>cuam,</strong></span> <span class='ocrx_word' id='word_1_195' title='bbox 506 2409 716 2492; x_wconf 71' lang='lat' dir='ltr'><strong>nocturnisque</strong></span> <span class='ocrx_word' id='word_1_196' title='bbox 739 2408 772 2470; x_wconf 88' lang='lat' dir='ltr'><strong>in</strong></span> <span class='ocrx_word' id='word_1_197' title='bbox 795 2407 845 2470; x_wconf 83' lang='lat' dir='ltr'><strong>die</strong></span> <span class='ocrx_word' id='word_1_198' title='bbox 861 2409 986 2471; x_wconf 72' lang='lat' dir='ltr'><strong>tenebris</strong></span> <span class='ocrx_word' id='word_1_199' title='bbox 1007 2431 1122 2471; x_wconf 87' lang='lat' dir='ltr'><strong>amnem</strong></span> <span class='ocrx_word' id='word_1_200' title='bbox 1141 2408 1239 2470; x_wconf 79' lang='lat' dir='ltr'><strong>Euro·</strong></span> 
     </span>
     <span class='ocr_line' id='line_1_26' title="bbox 121 2491 1301 2581; baseline 0.003 -26"><span class='ocrx_word' id='word_1_201' title='bbox 121 2493 300 2581; x_wconf 70' lang='lat' dir='ltr'><strong>patefacient</strong></span> <span class='ocrx_word' id='word_1_202' title='bbox 318 2494 432 2556; x_wconf 80' lang='lat' dir='ltr'><strong>minuto</strong></span> <span class='ocrx_word' id='word_1_203' title='bbox 453 2496 591 2556; x_wconf 75' lang='lat' dir='ltr'><strong>contexit</strong></span> <span class='ocrx_word' id='word_1_204' title='bbox 605 2491 733 2575; x_wconf 78' lang='lat' dir='ltr'><strong>pulvere.</strong></span> <span class='ocrx_word' id='word_1_205' title='bbox 775 2491 880 2578; x_wconf 74' lang='lat' dir='ltr'><strong>Hujeie</strong></span> <span class='ocrx_word' id='word_1_206' title='bbox 899 2491 1048 2556; x_wconf 65' lang='lat' dir='ltr'><strong>maumas·</strong></span> <span class='ocrx_word' id='word_1_207' title='bbox 1065 2497 1238 2558; x_wconf 77' lang='lat' dir='ltr'><strong>memoriane</strong></span> <span class='ocrx_word' id='word_1_208' title='bbox 1295 2539 1301 2548; x_wconf 71' lang='grc'><strong>.</strong></span> 
     </span>
     <span class='ocr_line' id='line_1_27' title="bbox 123 2575 982 2659; baseline 0 -17"><span class='ocrx_word' id='word_1_209' title='bbox 123 2581 231 2642; x_wconf 82' lang='lat' dir='ltr'><strong>cineris</strong></span> <span class='ocrx_word' id='word_1_210' title='bbox 244 2577 389 2659; x_wconf 79' lang='lat' dir='ltr'><strong>Byzantii</strong></span> <span class='ocrx_word' id='word_1_211' title='bbox 401 2601 499 2640; x_wconf 87' lang='lat' dir='ltr'><strong>annue</strong></span> <span class='ocrx_word' id='word_1_212' title='bbox 512 2577 660 2648; x_wconf 77' lang='lat' dir='ltr'><strong>celebrant</strong></span> <span class='ocrx_word' id='word_1_213' title='bbox 672 2598 733 2642; x_wconf 75' lang='lat' dir='ltr'><strong>vnn</strong></span> <span class='ocrx_word' id='word_1_214' title='bbox 749 2575 825 2639; x_wconf 80' lang='lat' dir='ltr'><strong>Idus</strong></span> <span class='ocrx_word' id='word_1_215' title='bbox 837 2577 982 2642; x_wconf 77' lang='lat' dir='ltr'><strong>Nouemd.</strong></span> 
     </span>
    </p>

    <p class='ocr_par' dir='ltr' id='par_1_6' title="bbox 121 2657 1235 2813">
     <span class='ocr_line' id='line_1_28' title="bbox 208 2657 1235 2746; baseline 0.003 -22"><span class='ocrx_word' id='word_1_216' title='bbox 208 2667 286 2746; x_wconf 70' lang='lat' dir='ltr'><strong>Pag.</strong></span> <span class='ocrx_word' id='word_1_217' title='bbox 299 2669 340 2731; x_wconf 88' lang='grc'><strong>87</strong></span> <span class='ocrx_word' id='word_1_218' title='bbox 342 2669 372 2729; x_wconf 77' lang='grc'><strong>2.</strong></span> <span class='ocrx_word' id='word_1_219' title='bbox 396 2663 446 2730; x_wconf 85' lang='grc'><strong>15.</strong></span> <span class='ocrx_word' id='word_1_220' title='bbox 467 2657 542 2746; x_wconf 77' lang='lat' dir='ltr'><strong>inco</strong></span> <span class='ocrx_word' id='word_1_221' title='bbox 557 2659 679 2729; x_wconf 72' lang='lat' dir='ltr'><strong>lucilius</strong></span> <span class='ocrx_word' id='word_1_222' title='bbox 692 2662 766 2729; x_wconf 73' lang='lat' dir='ltr'><strong>rios</strong></span> <span class='ocrx_word' id='word_1_223' title='bbox 775 2663 927 2746; x_wconf 64' lang='grc' dir='ltr'><strong>ἔμβολον]</strong></span> <span class='ocrx_word' id='word_1_224' title='bbox 949 2665 995 2726; x_wconf 85' lang='lat' dir='ltr'><strong>Da</strong></span> <span class='ocrx_word' id='word_1_225' title='bbox 1007 2664 1150 2728; x_wconf 85' lang='lat' dir='ltr'><strong>inccndio</strong></span> <span class='ocrx_word' id='word_1_226' title='bbox 1162 2663 1235 2742; x_wconf 82' lang='lat' dir='ltr'><strong>lroc,</strong></span> 
     </span>
     <span class='ocr_line' id='line_1_29' title="bbox 121 2747 470 2813; baseline 0.003 -1"><span class='ocrx_word' id='word_1_227' title='bbox 121 2748 195 2812; x_wconf 79' lang='lat' dir='ltr'><strong>vida</strong></span> <span class='ocrx_word' id='word_1_228' title='bbox 205 2751 279 2812; x_wconf 88' lang='lat' dir='ltr'><strong>Zon.</strong></span> <span class='ocrx_word' id='word_1_229' title='bbox 295 2760 326 2810; x_wconf 85' lang='lat' dir='ltr'><strong>ct</strong></span> <span class='ocrx_word' id='word_1_230' title='bbox 340 2747 470 2813; x_wconf 75' lang='lat' dir='ltr'><strong>eedem.</strong></span> 
     </span>
    </p>

    <p class='ocr_par' dir='ltr' id='par_1_7' title="bbox 119 2827 1236 3171">
     <span class='ocr_line' id='line_1_30' title="bbox 209 2827 1233 2917; baseline 0.001 -21"><span class='ocrx_word' id='word_1_231' title='bbox 209 2832 374 2916; x_wconf 66' lang='lat' dir='ltr'><strong>Pap-872·</strong></span> <span class='ocrx_word' id='word_1_232' title='bbox 399 2837 449 2901; x_wconf 89' lang='grc'><strong>18.</strong></span> <span class='ocrx_word' id='word_1_233' title='bbox 471 2827 1233 2917; x_wconf 59' lang='lat' dir='ltr'><strong>sardZentppllouOuuvdalcriptyoenaiadum]</strong></span> 
     </span>
     <span class='ocr_line' id='line_1_31' title="bbox 120 2914 1236 3004; baseline 0.001 -25"><span class='ocrx_word' id='word_1_234' title='bbox 120 2919 221 2997; x_wconf 75' lang='lat' dir='ltr'><strong>Lego,</strong></span> <span class='ocrx_word' id='word_1_235' title='bbox 245 2914 445 2994; x_wconf 80' lang='lat' dir='ltr'><strong>Ouuvdailou,</strong></span> <span class='ocrx_word' id='word_1_236' title='bbox 467 2915 557 3004; x_wconf 72' lang='grc' dir='ltr'><strong>ρηγός</strong></span> <span class='ocrx_word' id='word_1_237' title='bbox 573 2923 637 2982; x_wconf 72' lang='lat' dir='ltr'><strong>rain</strong></span> <span class='ocrx_word' id='word_1_238' title='bbox 651 2927 779 2999; x_wconf 75' lang='lat' dir='ltr'><strong>Apposu-</strong></span> <span class='ocrx_word' id='word_1_239' title='bbox 820 2919 865 2980; x_wconf 85' lang='lat' dir='ltr'><strong>De</strong></span> <span class='ocrx_word' id='word_1_240' title='bbox 881 2921 995 3000; x_wconf 87' lang='lat' dir='ltr'><strong>praelio</strong></span> <span class='ocrx_word' id='word_1_241' title='bbox 1016 2941 1092 2981; x_wconf 86' lang='lat' dir='ltr'><strong>vero</strong></span> <span class='ocrx_word' id='word_1_242' title='bbox 1110 2919 1170 2981; x_wconf 84' lang='lat' dir='ltr'><strong>hoc</strong></span> <span class='ocrx_word' id='word_1_243' title='bbox 1182 2941 1236 2981; x_wconf 86' lang='lat' dir='ltr'><strong>ua·</strong></span> 
     </span>
     <span class='ocr_line' id='line_1_32' title="bbox 119 3001 1235 3088; baseline 0.004 -26"><span class='ocrx_word' id='word_1_244' title='bbox 119 3005 184 3064; x_wconf 81' lang='lat' dir='ltr'><strong>vali</strong></span> <span class='ocrx_word' id='word_1_245' title='bbox 205 3006 288 3080; x_wconf 80' lang='lat' dir='ltr'><strong>inter</strong></span> <span class='ocrx_word' id='word_1_246' title='bbox 299 3005 495 3066; x_wconf 79' lang='lat' dir='ltr'><strong>Giaerichum</strong></span> <span class='ocrx_word' id='word_1_247' title='bbox 516 3001 577 3086; x_wconf 83' lang='lat' dir='ltr'><strong>(ita</strong></span> <span class='ocrx_word' id='word_1_248' title='bbox 598 3005 678 3064; x_wconf 86' lang='lat' dir='ltr'><strong>enim</strong></span> <span class='ocrx_word' id='word_1_249' title='bbox 698 3004 764 3066; x_wconf 88' lang='lat' dir='ltr'><strong>aliis</strong></span> <span class='ocrx_word' id='word_1_250' title='bbox 783 3004 884 3066; x_wconf 80' lang='lat' dir='ltr'><strong>dictae</strong></span> <span class='ocrx_word' id='word_1_251' title='bbox 905 3003 969 3088; x_wconf 81' lang='lat' dir='ltr'><strong>eat)</strong></span> <span class='ocrx_word' id='word_1_252' title='bbox 992 3015 1023 3067; x_wconf 90' lang='lat' dir='ltr'><strong>ct</strong></span> <span class='ocrx_word' id='word_1_253' title='bbox 1044 3007 1235 3085; x_wconf 84' lang='lat' dir='ltr'><strong>Basiliscum,</strong></span> 
     </span>
     <span class='ocr_line' id='line_1_33' title="bbox 119 3089 823 3171; baseline -0.007 -19"><span class='ocrx_word' id='word_1_254' title='bbox 119 3089 193 3152; x_wconf 83' lang='lat' dir='ltr'><strong>vide</strong></span> <span class='ocrx_word' id='word_1_255' title='bbox 207 3090 406 3171; x_wconf 84' lang='lat' dir='ltr'><strong>Procopium,</strong></span> <span class='ocrx_word' id='word_1_256' title='bbox 429 3091 468 3152; x_wconf 92' lang='lat' dir='ltr'><strong>de</strong></span> <span class='ocrx_word' id='word_1_257' title='bbox 481 3090 561 3150; x_wconf 91' lang='lat' dir='ltr'><strong>bello</strong></span> <span class='ocrx_word' id='word_1_258' title='bbox 581 3089 707 3151; x_wconf 80' lang='lat' dir='ltr'><strong>Vandcl.</strong></span> <span class='ocrx_word' id='word_1_259' title='bbox 724 3090 777 3150; x_wconf 85' lang='lat' dir='ltr'><strong>lib·</strong></span> <span class='ocrx_word' id='word_1_260' title='bbox 792 3094 823 3156; x_wconf 88' lang='lat'><strong>8.</strong></span> 
     </span>
    </p>

    <p class='ocr_par' dir='ltr' id='par_1_8' title="bbox 119 3171 1234 3339">
     <span class='ocr_line' id='line_1_34' title="bbox 206 3171 1234 3260; baseline -0.008 -18"><span class='ocrx_word' id='word_1_261' title='bbox 206 3173 282 3256; x_wconf 72' lang='lat' dir='ltr'><strong>Pag-</strong></span> <span class='ocrx_word' id='word_1_262' title='bbox 303 3179 377 3244; x_wconf 87' lang='grc'><strong>878.</strong></span> <span class='ocrx_word' id='word_1_263' title='bbox 398 3181 428 3242; x_wconf 74' lang='grc'><strong>2.</strong></span> <span class='ocrx_word' id='word_1_264' title='bbox 454 3171 525 3256; x_wconf 77' lang='grc' dir='ltr'><strong>ἤτοι</strong></span> <span class='ocrx_word' id='word_1_265' title='bbox 538 3173 708 3260; x_wconf 56' lang='lat' dir='ltr'><strong>inpigrum]</strong></span> <span class='ocrx_word' id='word_1_266' title='bbox 737 3171 894 3258; x_wconf 69' lang='grc' dir='ltr'><strong>Λίβερὺον</strong></span> <span class='ocrx_word' id='word_1_267' title='bbox 913 3175 979 3238; x_wconf 80' lang='lat' dir='ltr'><strong>eive</strong></span> <span class='ocrx_word' id='word_1_268' title='bbox 1002 3177 1166 3259; x_wconf 68' lang='lat' dir='ltr'><strong>udrosos,</strong></span> <span class='ocrx_word' id='word_1_269' title='bbox 1185 3174 1234 3235; x_wconf 88' lang='lat' dir='ltr'><strong>uti</strong></span> 
     </span>
     <span class='ocr_line' id='line_1_35' title="bbox 119 3257 1232 3339; baseline 0.003 -17"><span class='ocrx_word' id='word_1_270' title='bbox 119 3261 190 3322; x_wconf 81' lang='lat' dir='ltr'><strong>eliis</strong></span> <span class='ocrx_word' id='word_1_271' title='bbox 205 3261 364 3339; x_wconf 71' lang='lat' dir='ltr'><strong>scribitur,</strong></span> <span class='ocrx_word' id='word_1_272' title='bbox 383 3257 543 3338; x_wconf 81' lang='lat' dir='ltr'><strong>Liburna,</strong></span> <span class='ocrx_word' id='word_1_273' title='bbox 564 3269 620 3322; x_wconf 74' lang='lat' dir='ltr'><strong>aaa.</strong></span> <span class='ocrx_word' id='word_1_274' title='bbox 1229 3319 1232 3325; x_wconf 87' lang='lat'>.</span> 
     </span>
    </p>

    <p class='ocr_par' dir='ltr' id='par_1_9' title="bbox 114 3337 1236 3924">
     <span class='ocr_line' id='line_1_36' title="bbox 210 3337 1235 3429; baseline -0.001 -21"><span class='ocrx_word' id='word_1_275' title='bbox 210 3351 283 3429; x_wconf 75' lang='lat' dir='ltr'><strong>Peg.</strong></span> <span class='ocrx_word' id='word_1_276' title='bbox 305 3351 378 3413; x_wconf 87' lang='grc'><strong>878.</strong></span> <span class='ocrx_word' id='word_1_277' title='bbox 402 3349 453 3414; x_wconf 89' lang='grc'><strong>14.</strong></span> <span class='ocrx_word' id='word_1_278' title='bbox 483 3341 557 3428; x_wconf 76' lang='lat' dir='ltr'><strong>perci</strong></span> <span class='ocrx_word' id='word_1_279' title='bbox 577 3341 634 3428; x_wconf 70' lang='lat' dir='ltr'><strong>mie</strong></span> <span class='ocrx_word' id='word_1_280' title='bbox 653 3341 803 3408; x_wconf 72' lang='lat' dir='ltr'><strong>inerciam</strong></span> <span class='ocrx_word' id='word_1_281' title='bbox 825 3337 940 3423; x_wconf 70' lang='lat' dir='ltr'><strong>ednod,</strong></span> <span class='ocrx_word' id='word_1_282' title='bbox 964 3341 1007 3426; x_wconf 75' lang='grc' dir='ltr'><strong>ἣν</strong></span> <span class='ocrx_word' id='word_1_283' title='bbox 1027 3337 1235 3424; x_wconf 73' lang='grc' dir='ltr'><strong>δέδωκενόἷμα</strong></span> 
     </span>
     <span class='ocr_line' id='line_1_37' title="bbox 120 3429 1235 3517; baseline -0.006 -22"><span class='ocrx_word' id='word_1_284' title='bbox 120 3433 318 3517; x_wconf 65' lang='lat' dir='ltr'><strong>Panaenum]</strong></span> <span class='ocrx_word' id='word_1_285' title='bbox 346 3432 484 3496; x_wconf 80' lang='lat' dir='ltr'><strong>Ynuarln</strong></span> <span class='ocrx_word' id='word_1_286' title='bbox 499 3451 638 3492; x_wconf 81' lang='lat' dir='ltr'><strong>nummus</strong></span> <span class='ocrx_word' id='word_1_287' title='bbox 653 3429 785 3507; x_wconf 87' lang='lat' dir='ltr'><strong>dicitur,</strong></span> <span class='ocrx_word' id='word_1_288' title='bbox 806 3453 823 3490; x_wconf 92' lang='lat' dir='ltr'><strong>a</strong></span> <span class='ocrx_word' id='word_1_289' title='bbox 840 3431 1067 3510; x_wconf 79' lang='lat' dir='ltr'><strong>Magistratibus</strong></span> <span class='ocrx_word' id='word_1_290' title='bbox 1082 3429 1115 3489; x_wconf 93' lang='lat' dir='ltr'><strong>in</strong></span> <span class='ocrx_word' id='word_1_291' title='bbox 1128 3447 1235 3510; x_wconf 85' lang='lat' dir='ltr'><strong>popu·</strong></span> 
     </span>
     <span class='ocr_line' id='line_1_38' title="bbox 114 3512 1234 3598; baseline -0.004 -20"><span class='ocrx_word' id='word_1_292' title='bbox 114 3520 185 3578; x_wconf 89' lang='lat' dir='ltr'><strong>lum</strong></span> <span class='ocrx_word' id='word_1_293' title='bbox 199 3537 337 3596; x_wconf 85' lang='lat' dir='ltr'><strong>sparsus:</strong></span> <span class='ocrx_word' id='word_1_294' title='bbox 360 3517 407 3578; x_wconf 89' lang='lat' dir='ltr'><strong>uti</strong></span> <span class='ocrx_word' id='word_1_295' title='bbox 422 3537 514 3597; x_wconf 86' lang='lat' dir='ltr'><strong>supra</strong></span> <span class='ocrx_word' id='word_1_296' title='bbox 528 3516 644 3578; x_wconf 86' lang='lat' dir='ltr'><strong>dictum</strong></span> <span class='ocrx_word' id='word_1_297' title='bbox 658 3525 714 3577; x_wconf 82' lang='lat' dir='ltr'><strong>est.</strong></span> <span class='ocrx_word' id='word_1_298' title='bbox 757 3517 870 3578; x_wconf 84' lang='lat' dir='ltr'><strong>Verum</strong></span> <span class='ocrx_word' id='word_1_299' title='bbox 882 3515 958 3577; x_wconf 86' lang='lat' dir='ltr'><strong>haec</strong></span> <span class='ocrx_word' id='word_1_300' title='bbox 971 3515 1094 3598; x_wconf 68' lang='lat' dir='ltr'><strong>dipsom</strong></span> <span class='ocrx_word' id='word_1_301' title='bbox 1110 3525 1181 3575; x_wconf 88' lang='lat' dir='ltr'><strong>sunt</strong></span> <span class='ocrx_word' id='word_1_302' title='bbox 1194 3512 1234 3573; x_wconf 85' lang='lat' dir='ltr'><strong>ab</strong></span> 
     </span>
     <span class='ocr_line' id='line_1_39' title="bbox 116 3601 1235 3682; baseline -0.004 -18"><span class='ocrx_word' id='word_1_303' title='bbox 116 3603 191 3664; x_wconf 79' lang='lat' dir='ltr'><strong>eliis</strong></span> <span class='ocrx_word' id='word_1_304' title='bbox 208 3601 373 3664; x_wconf 83' lang='lat' dir='ltr'><strong>historicis:</strong></span> <span class='ocrx_word' id='word_1_305' title='bbox 407 3601 554 3682; x_wconf 74' lang='lat' dir='ltr'><strong>Olybrius</strong></span> <span class='ocrx_word' id='word_1_306' title='bbox 569 3602 649 3663; x_wconf 87' lang='lat' dir='ltr'><strong>enim</strong></span> <span class='ocrx_word' id='word_1_307' title='bbox 661 3602 845 3663; x_wconf 79' lang='lat' dir='ltr'><strong>etlluaticus</strong></span> <span class='ocrx_word' id='word_1_308' title='bbox 858 3603 1052 3668; x_wconf 69' lang='lat' dir='ltr'><strong>consulerem</strong></span> <span class='ocrx_word' id='word_1_309' title='bbox 1067 3609 1235 3680; x_wconf 73' lang='lat' dir='ltr'><strong>penserunt,</strong></span> 
     </span>
     <span class='ocr_line' id='line_1_40' title="bbox 115 3685 1236 3770; baseline -0.004 -21"><span class='ocrx_word' id='word_1_310' title='bbox 115 3688 230 3749; x_wconf 84' lang='lat' dir='ltr'><strong>Leonis</strong></span> <span class='ocrx_word' id='word_1_311' title='bbox 245 3689 323 3770; x_wconf 87' lang='lat' dir='ltr'><strong>Imp.</strong></span> <span class='ocrx_word' id='word_1_312' title='bbox 337 3709 416 3750; x_wconf 89' lang='lat' dir='ltr'><strong>anno</strong></span> <span class='ocrx_word' id='word_1_313' title='bbox 428 3707 488 3762; x_wconf 78' lang='lat' dir='ltr'><strong>vn3</strong></span> <span class='ocrx_word' id='word_1_314' title='bbox 510 3707 580 3748; x_wconf 88' lang='lat' dir='ltr'><strong>cum</strong></span> <span class='ocrx_word' id='word_1_315' title='bbox 604 3697 704 3748; x_wconf 84' lang='lat' dir='ltr'><strong>tamen</strong></span> <span class='ocrx_word' id='word_1_316' title='bbox 726 3685 907 3749; x_wconf 73' lang='lat' dir='ltr'><strong>Anthemius</strong></span> <span class='ocrx_word' id='word_1_317' title='bbox 928 3709 946 3747; x_wconf 89' lang='lat' dir='ltr'><strong>a</strong></span> <span class='ocrx_word' id='word_1_318' title='bbox 969 3688 1069 3749; x_wconf 86' lang='lat' dir='ltr'><strong>Leone</strong></span> <span class='ocrx_word' id='word_1_319' title='bbox 1082 3688 1236 3748; x_wconf 79' lang='lat' dir='ltr'><strong>Romanus</strong></span> 
     </span>
     <span class='ocr_line' id='line_1_41' title="bbox 114 3770 1235 3856; baseline -0.004 -20"><span class='ocrx_word' id='word_1_320' title='bbox 114 3775 288 3854; x_wconf 75' lang='lat' dir='ltr'><strong>Imperator</strong></span> <span class='ocrx_word' id='word_1_321' title='bbox 299 3795 362 3835; x_wconf 90' lang='lat' dir='ltr'><strong>uon</strong></span> <span class='ocrx_word' id='word_1_322' title='bbox 376 3773 558 3836; x_wconf 79' lang='lat' dir='ltr'><strong>constitutus</strong></span> <span class='ocrx_word' id='word_1_323' title='bbox 570 3773 670 3850; x_wconf 84' lang='lat' dir='ltr'><strong>luerit,</strong></span> <span class='ocrx_word' id='word_1_324' title='bbox 692 3782 762 3836; x_wconf 83' lang='lat' dir='ltr'><strong>ante</strong></span> <span class='ocrx_word' id='word_1_325' title='bbox 776 3773 897 3856; x_wconf 85' lang='lat' dir='ltr'><strong>imperii</strong></span> <span class='ocrx_word' id='word_1_326' title='bbox 907 3773 958 3834; x_wconf 86' lang='lat' dir='ltr'><strong>sui</strong></span> <span class='ocrx_word' id='word_1_327' title='bbox 972 3793 1084 3834; x_wconf 87' lang='lat' dir='ltr'><strong>anuum</strong></span> <span class='ocrx_word' id='word_1_328' title='bbox 1093 3793 1128 3834; x_wconf 82' lang='lat' dir='ltr'><strong>x.</strong></span> <span class='ocrx_word' id='word_1_329' title='bbox 1156 3770 1235 3835; x_wconf 85' lang='lat' dir='ltr'><strong>Vide</strong></span> 
     </span>
     <span class='ocr_line' id='line_1_42' title="bbox 115 3859 1088 3924; baseline -0.006 -2"><span class='ocrx_word' id='word_1_330' title='bbox 115 3859 330 3922; x_wconf 83' lang='lat' dir='ltr'><strong>Marcellinum</strong></span> <span class='ocrx_word' id='word_1_331' title='bbox 343 3860 451 3924; x_wconf 81' lang='lat' dir='ltr'><strong>Coun&#39;t.</strong></span> <span class='ocrx_word' id='word_1_332' title='bbox 466 3870 499 3921; x_wconf 87' lang='lat' dir='ltr'><strong>et</strong></span> <span class='ocrx_word' id='word_1_333' title='bbox 514 3859 585 3921; x_wconf 83' lang='lat' dir='ltr'><strong>Chr.</strong></span> <span class='ocrx_word' id='word_1_334' title='bbox 597 3860 683 3923; x_wconf 74' lang='lat' dir='ltr'><strong>alex.</strong></span> <span class='ocrx_word' id='word_1_335' title='bbox 1083 3907 1088 3916; x_wconf 91' lang='lat'>.</span> 
     </span>
    </p>

    <p class='ocr_par' dir='ltr' id='par_1_10' title="bbox 208 3937 1105 4028">
     <span class='ocr_line' id='line_1_43' title="bbox 208 3937 1105 4028; baseline -0.001 -20"><span class='ocrx_word' id='word_1_336' title='bbox 208 3949 280 4028; x_wconf 71' lang='lat' dir='ltr'><strong>Pap.</strong></span> <span class='ocrx_word' id='word_1_337' title='bbox 303 3951 376 4013; x_wconf 80' lang='grc'><strong>874.</strong></span> <span class='ocrx_word' id='word_1_338' title='bbox 397 3951 428 4011; x_wconf 87' lang='grc'><strong>6.</strong></span> <span class='ocrx_word' id='word_1_339' title='bbox 450 3942 631 4028; x_wconf 58' lang='grc' dir='ltr'><strong>βασιλεύει]</strong></span> <span class='ocrx_word' id='word_1_340' title='bbox 652 3945 745 4006; x_wconf 85' lang='lat' dir='ltr'><strong>Porta</strong></span> <span class='ocrx_word' id='word_1_341' title='bbox 761 3942 911 4006; x_wconf 75' lang='lat' dir='ltr'><strong>sm&#39;bend.</strong></span> <span class='ocrx_word' id='word_1_342' title='bbox 923 3937 1105 4025; x_wconf 70' lang='grc' dir='ltr'><strong>βασιλεύσει.</strong></span> 
     </span>
    </p>

    <p class='ocr_par' dir='ltr' id='par_1_11' title="bbox 114 4024 1235 4383">
     <span class='ocr_line' id='line_1_44' title="bbox 207 4024 1235 4114; baseline -0.004 -21"><span class='ocrx_word' id='word_1_343' title='bbox 207 4035 280 4114; x_wconf 75' lang='lat' dir='ltr'><strong>Pag.</strong></span> <span class='ocrx_word' id='word_1_344' title='bbox 300 4031 375 4098; x_wconf 80' lang='grc'><strong>874.</strong></span> <span class='ocrx_word' id='word_1_345' title='bbox 399 4037 429 4098; x_wconf 87' lang='grc'><strong>9.</strong></span> <span class='ocrx_word' id='word_1_346' title='bbox 450 4027 501 4095; x_wconf 79' lang='lat' dir='ltr'><strong>daal</strong></span> <span class='ocrx_word' id='word_1_347' title='bbox 519 4029 763 4114; x_wconf 64' lang='lat' dir='ltr'><strong>perempturum]</strong></span> <span class='ocrx_word' id='word_1_348' title='bbox 786 4025 1028 4113; x_wconf 70' lang='lat' dir='ltr'><strong>Mcyeatpausdr,</strong></span> <span class='ocrx_word' id='word_1_349' title='bbox 1046 4024 1235 4110; x_wconf 73' lang='lat' dir='ltr'><strong>Magturta·</strong></span> 
     </span>
     <span class='ocr_line' id='line_1_45' title="bbox 114 4109 1235 4196; baseline -0.005 -18"><span class='ocrx_word' id='word_1_350' title='bbox 114 4117 169 4190; x_wconf 85' lang='lat' dir='ltr'><strong>ni,</strong></span> <span class='ocrx_word' id='word_1_351' title='bbox 192 4117 266 4178; x_wconf 90' lang='lat' dir='ltr'><strong>dicti</strong></span> <span class='ocrx_word' id='word_1_352' title='bbox 283 4127 368 4194; x_wconf 84' lang='lat' dir='ltr'><strong>sunt,</strong></span> <span class='ocrx_word' id='word_1_353' title='bbox 401 4116 554 4177; x_wconf 86' lang='lat' dir='ltr'><strong>Officiales</strong></span> <span class='ocrx_word' id='word_1_354' title='bbox 577 4115 713 4196; x_wconf 75' lang='lat' dir='ltr'><strong>Magistri</strong></span> <span class='ocrx_word' id='word_1_355' title='bbox 735 4115 924 4178; x_wconf 76' lang='lat' dir='ltr'><strong>officiorum.</strong></span> <span class='ocrx_word' id='word_1_356' title='bbox 965 4115 1045 4176; x_wconf 83' lang='lat' dir='ltr'><strong>Vide</strong></span> <span class='ocrx_word' id='word_1_357' title='bbox 1067 4109 1235 4174; x_wconf 80' lang='lat' dir='ltr'><strong>doctissimi</strong></span> 
     </span>
     <span class='ocr_line' id='line_1_46' title="bbox 114 4195 1233 4282; baseline -0.005 -20"><span class='ocrx_word' id='word_1_358' title='bbox 114 4201 244 4264; x_wconf 81' lang='lat' dir='ltr'><strong>Fabroti</strong></span> <span class='ocrx_word' id='word_1_359' title='bbox 265 4204 400 4264; x_wconf 87' lang='lat' dir='ltr'><strong>Glossar.</strong></span> <span class='ocrx_word' id='word_1_360' title='bbox 416 4202 456 4262; x_wconf 87' lang='lat' dir='ltr'><strong>ad</strong></span> <span class='ocrx_word' id='word_1_361' title='bbox 471 4201 648 4266; x_wconf 85' lang='lat' dir='ltr'><strong>Cedrenum.</strong></span> <span class='ocrx_word' id='word_1_362' title='bbox 691 4200 783 4282; x_wconf 79' lang='lat' dir='ltr'><strong>Apud</strong></span> <span class='ocrx_word' id='word_1_363' title='bbox 793 4203 942 4262; x_wconf 83' lang='lat' dir='ltr'><strong>Nostrum</strong></span> <span class='ocrx_word' id='word_1_364' title='bbox 964 4210 1064 4261; x_wconf 71' lang='lat' dir='ltr'><strong>tamem</strong></span> <span class='ocrx_word' id='word_1_365' title='bbox 1082 4217 1173 4258; x_wconf 86' lang='lat' dir='ltr'><strong>sensu</strong></span> <span class='ocrx_word' id='word_1_366' title='bbox 1186 4195 1233 4256; x_wconf 86' lang='lat' dir='ltr'><strong>la·</strong></span> 
     </span>
     <span class='ocr_line' id='line_1_47' title="bbox 115 4283 1230 4383; baseline -0.004 -34"><span class='ocrx_word' id='word_1_367' title='bbox 115 4287 200 4352; x_wconf 79' lang='lat' dir='ltr'><strong>tiora</strong></span> <span class='ocrx_word' id='word_1_368' title='bbox 210 4309 269 4372; x_wconf 88' lang='lat' dir='ltr'><strong>pro</strong></span> <span class='ocrx_word' id='word_1_369' title='bbox 281 4289 393 4369; x_wconf 80' lang='lat' dir='ltr'><strong>Legata</strong></span> <span class='ocrx_word' id='word_1_370' title='bbox 409 4287 561 4372; x_wconf 82' lang='lat' dir='ltr'><strong>quolibet,</strong></span> <span class='ocrx_word' id='word_1_371' title='bbox 589 4288 654 4354; x_wconf 80' lang='lat' dir='ltr'><strong>siva</strong></span> <span class='ocrx_word' id='word_1_372' title='bbox 668 4288 783 4350; x_wconf 83' lang='lat' dir='ltr'><strong>nuncio</strong></span> <span class='ocrx_word' id='word_1_373' title='bbox 803 4287 895 4370; x_wconf 72' lang='lat' dir='ltr'><strong>Rapio</strong></span> <span class='ocrx_word' id='word_1_374' title='bbox 908 4286 1005 4383; x_wconf 87' lang='lat' dir='ltr'><strong>accipi</strong></span> <span class='ocrx_word' id='word_1_375' title='bbox 1018 4284 1157 4348; x_wconf 78' lang='lat' dir='ltr'><strong>videtur:</strong></span> <span class='ocrx_word' id='word_1_376' title='bbox 1186 4283 1230 4344; x_wconf 88' lang='lat' dir='ltr'><strong>ita</strong></span> 
     </span>
    </p>
   </div>
   <div class='ocr_carea' id='block_1_5' title="bbox 0 0 1480 4817">
    <p class='ocr_par' dir='ltr' id='par_1_12' title="bbox 0 0 1480 4817">
     <span class='ocr_line' id='line_1_48' title="bbox 0 0 1480 4817; baseline 0 3"><span class='ocrx_word' id='word_1_377' title='bbox 0 0 1480 4817; x_wconf 95' lang='lat' dir='ltr'><strong> </strong></span> 
     </span>
    </p>
   </div>
  </div>
 </body>
</html>
