2950 4817
218 298 238 339 a
598 246 949 334 monsacutus.

177 510 190 525 ,
219 444 311 505 faisse
324 437 537 508 cummium.
560 422 697 499 'Romae
711 439 746 500 F.
758 421 957 523 Astrologum
971 422 1137 503 Roheasem
1153 439 1192 522 (i.
1206 460 1233 501 e.
1248 436 1343 500 Edes-

218 546 343 623 senum)
362 540 596 624 Astrologorum
613 540 764 603 Ahm'odis’
779 540 996 631 Saradeaorum
1012 535 1154 630 Chalifae
1164 544 1341 626 principare,

164 708 165 711 ,
208 664 329 713 erecta
345 646 581 709 ‘Maronitarum
611 644 664 727 qui
690 646 722 705 ia
738 660 838 705 monte
856 644 979 731 Libano
1002 660 1091 723 suat‚·
1119 660 1148 704 et
1168 642 1343 704 Historiam

124 744 134 769 ⁹
219 754 365 837 egregiam
390 748 572 811 condidisse.
627 746 814 808 stauratio
846 744 961 831 rocol)
983 744 1154 806 Hiiton'am
1184 746 1251 827 ejus
1275 749 1343 807 sire

223 850 501 935 chronologiamde
515 850 732 912 annisab0.ii.
743 850 783 909 ad
796 852 914 910 initiam
922 868 1019 928 usque
1028 846 1252 911 Seleucidarum
1259 850 1344 932 Epo.

222 957 295 1019 c'haa
312 956 452 1016 advocat.
487 952 577 1013 Hunc
590 950 824 1014 eundemiaissa
837 970 906 1011 cum
928 948 1091 1031 Theophila
1108 950 1261 1013 Historiae
1275 952 1344 1013 sive

221 1054 460 1137 Chronographo
477 1076 566 1135 quem
592 1052 720 1115 adducit
737 1050 986 1135 chronographus
1003 1062 1124 1129 nonar,
1145 1064 1283 1131 nonest,
1305 1062 1345 1114 ut

222 1164 347 1244 opinor,
374 1176 430 1218 cur
450 1158 570 1219 dubitet
592 1158 719 1239 aliquis,
748 1159 925 1236 praesertim
946 1176 1016 1215 cum
1035 1156 1173 1217 floruerit
1189 1156 1222 1216 in
1236 1156 1345 1217 eadem

222 1264 346 1327 circiter
361 1272 508 1321 terrarum
519 1263 619 1342 plaga.
656 1260 695 1320 Et
705 1278 744 1319 ne
758 1259 824 1339 qais
838 1260 1010 1339 suspicetur
1026 1256 1222 1341 Theophilum
1240 1255 1345 1319 Ahal-

218 1367 431 1449 pharap'ianum
462 1382 525 1423 non
558 1358 704 1422 Graecum
741 1360 836 1421 luisse
866 1363 1066 1441 Scriptorum,
1102 1359 1155 1420 sed
1183 1358 1346 1445 Syriacum

223 1468 327 1552 (quod
343 1477 443 1527 tamen
460 1465 484 1523 si
501 1462 599 1539 detur,
622 1462 700 1524 nihil
713 1474 816 1524 tumen
833 1464 967 1524 obstaret
983 1485 1044 1544 quo
1059 1464 1158 1524 minus
1175 1463 1256 1523 idem
1268 1472 1346 1523 esset

223 1592 291 1633 cum
316 1566 505 1642 Maleliaao,
536 1584 604 1625 cum
628 1566 711 1626 illius
733 1564 983 1647 chronographia
1009 1563 1133 1643 Syriam
1158 1567 1289 1646 scripta,
1310 1567 1345 1625 ia

223 1672 370 1736 Graecum
394 1688 560 1729 sermonem
580 1668 699 1729 traduci
721 1665 878 1751 patuerit)
902 1668 963 1749 jam
979 1661 1128 1727 extantia
1140 1668 1234 1729 variis
1246 1666 1346 1727 Euro-

157 1784 161 1794 '
219 1770 486 1858 poeBibliothecis
502 1768 702 1851 Astrologica
720 1772 867 1850 quaedam
882 1770 965 1831 illias
980 1771 1082 1852 Opera
1096 1789 1235 1830 sermons
1252 1767 1347 1829 Grae-

223 1880 329 1941 canica
343 1884 504 1950 contexta,
525 1872 560 1933 id
575 1872 754 1933 docentibus
773 1870 927 1956 Gatalogis
942 1872 1040 1954 (quos
1055 1871 1141 1954 vidi)
1156 1872 1239 1932 MSS.
1256 1870 1348 1931 codi-

222 2002 292 2041 cum
306 1976 563 2039 Bibliothecarum
575 1976 747 2049 variarum
775 1974 809 2034 in
833 1975 943 2054 quibus
967 1976 1114 2036 celebrari
1132 1975 1231 2035 solent
1248 1972 1348 2034 Theo-

221 2080 300 2166 phili
319 2076 526 2159 Astrologica.
580 2078 690 2152 Qualia
715 2076 836 2157 quidem
858 2078 1016 2159 scripsisse
1035 2076 1227 2157 praedictum
1252 2074 1348 2139 theo-
1374 2112 1380 2123 ·

221 2180 353 2266 philam,
375 2190 412 2239 ut
426 2200 482 2259 per
495 2180 609 2239 assatis
632 2180 758 2241 evidens
777 2178 918 2258 videtur,
942 2200 1011 2240 cum
1027 2176 1212 2261 Astrologus
1225 2178 1347 2258 proies-

224 2286 326 2359 sioae,
358 2282 404 2341 uti
424 2280 519 2340 tradit
537 2279 798 2365 Adulpharajius‚
830 2281 924 2362 idque
947 2301 1082 2342 summus
1104 2291 1135 2342 et
1158 2281 1347 2341 ciariuimus

224 2393 318 2457 esset;
347 2384 390 2443 its
419 2392 537 2443 casatas
563 2385 723 2443 autoritate
750 2380 1051 2465 Alamaetutst),
1081 2384 1246 2465 scriptoris
1270 2384 1346 2443 item

223 2486 364 2562 Arabici,
387 2486 486 2565 quiin
502 2486 594 2545 Libro
610 2484 647 2545 de
664 2484 821 2564 Mysteriis
835 2484 970 2563 inedito,
991 2485 1071 2545 inter
1093 2487 1194 2545 varios
1213 2483 1348 2546 Graecos

223 2583 437 2667 Astrologicos
472 2586 660 2668 Scriptores,
690 2583 926 2660 Alexandrum,
965 2584 1167 2667 Stephanum,
1194 2585 1348 2651 Arietate,

223 2686 295 2763 lem,
326 2695 356 2747 et
380 2683 549 2745 Hermetem
563 2684 598 2768 ⁸)
627 2696 803 2746 annumerat
829 2684 1026 2767 Theophilum
1054 2684 1166 2748 Filium
1203 2679 1357 2761 ihomae.

223 2786 329 2862 Quid?
352 2786 436 2865 quod
455 2768 649 2869 'theophilum
670 2788 861 2868 praedictum
877 2786 1149 2868 Chronogrsphuur
1165 2786 1346 2848 Mamm

223 2889 375 2951 Sermonis
391 2890 498 2949 Graeci
522 2890 631 2968 peritia
659 2889 820 2969 polluisse,
840 2910 880 2949 ex
899 2889 970 2969 ipso
990 2891 1171 2950 edoceamur
1183 2888 1346 2971 Ahulpha·

223 2992 301 3072 rajio
312 2985 368 3069 Ι1Ε).·
392 2988 429 3048 ab
446 3008 481 3049 eo
501 2990 579 3050 enim
597 2991 720 3051 additur
734 2991 863 3051 eandem
878 2992 970 3052 istum
986 2990 1115 3053 Homeri
1128 2992 1236 3054 Poetae
1250 2992 1347 3055 libros

223 3092 261 3153 ele
274 3089 409 3153 Excidio
424 3090 506 3151 urhis
521 3088 575 3153 Ilii
590 3116 606 3152 e
620 3092 743 3176 Lingua
759 3091 877 3154 Graeca
889 3096 923 3154 ia
940 3091 1100 3172 Syriacam
1115 3118 1205 3179 auam
1223 3094 1346 3177 elegan-

222 3196 334 3256 tissime
360 3196 487 3255 uertisse.
548 3195 598 3255 Sic
622 3193 753 3257 loannes
779 3194 912 3256 Mamur
942 3195 1165 3274 Damascenus,
1206 3200 1345 3278 quamtis

221 3298 288 3378 ipse
302 3294 441 3355 similiter
455 3296 486 3355 in
502 3296 579 3357 Aula
593 3295 812 3359 Saracenorum
829 3294 972 3382 Ghals'fae
992 3299 1075 3358 inter
1095 3300 1177 3361 illius
1195 3298 1347 3363 Consilia-

221 3400 283 3459 rios
297 3397 453 3474 floruerit,
476 3410 639 3477 ettamen,
663 3418 741 3478 quaa
756 3396 866 3474 edidit,
890 3397 990 3481 Opera
1005 3420 1142 3462 sermone
1157 3399 1345 3465 &ascarico

221 3498 393 3561 adornavit.

306 3602 420 3665 XXIV.
462 3602 497 3660 In
515 3602 644 3681 proclivi
657 3603 785 3663 fortasse
800 3602 895 3663 iiterit
910 3605 1075 3685 suspicari,
1099 3603 1274 3668 Clementem
1290 3627 1343 3667 su-

180 3754 182 3764 .
220 3701 395 3783 pradictum
430 3700 701 3787 chronographum
733 3724 823 3786 quesn
853 3706 926 3767 citat
951 3704 1202 3792 Chroaogrophue
1225 3721 1340 3789 noster,

220 3864 382 3873 Ἣ
385 3866 433 3873 ...—

253 3970 264 4003 l

252 3970 286 4125 ‘i
303 3972 586 4129 hpiidiiattingerum
604 4058 640 4115 de
655 4060 829 4117 Bibliothecis
844 4063 939 4117 urient.
958 4081 984 4134 p.
1006 4066 1066 4120 tau
1181 4033 1184 4036 Δ

252 4142 287 4211 ⁸)
305 4143 474 4214 Supposititii
492 4147 536 4216 qui
555 4148 676 4201 Graecus
694 4153 762 4202 erat.

253 4229 286 4296 ⁴)
305 4246 332 4300 p.
353 4230 413 4285 148.
431 4235 459 4283 et
475 4233 520 4287 26.
