<?xml version="1.0" encoding="UTF-8"?>
<!DOCTYPE html PUBLIC "-//W3C//DTD XHTML 1.0 Transitional//EN"
    "http://www.w3.org/TR/xhtml1/DTD/xhtml1-transitional.dtd">
<html xmlns="http://www.w3.org/1999/xhtml" xml:lang="en" lang="en">
 <head>
  <title>
</title>
<meta http-equiv="Content-Type" content="text/html;charset=utf-8" />
  <meta name='ocr-system' content='tesseract 3.04.00' />
  <meta name='ocr-capabilities' content='ocr_page ocr_carea ocr_par ocr_line ocrx_word'/>
</head>
<body>
  <div class='ocr_page' id='page_1' title='image "./corpusscriptoru35theogoog/corpusscriptoru35theogoog_0885.png"; bbox 0 0 2950 4817; ppageno 0'>
   <div class='ocr_carea' id='block_1_1' title="bbox 485 312 1217 399">
    <p class='ocr_par' dir='ltr' id='par_1_1' title="bbox 485 312 1217 399">
     <span class='ocr_line' id='line_1_1' title="bbox 485 312 1217 399; baseline 0 -13"><span class='ocrx_word' id='word_1_1' title='bbox 485 312 842 386; x_wconf 77' lang='lat' dir='ltr'><strong>ANNOTATIONES.</strong></span> <span class='ocrx_word' id='word_1_2' title='bbox 1138 327 1217 399; x_wconf 76' lang='lat'>619</span> 
     </span>
    </p>
   </div>
   <div class='ocr_carea' id='block_1_2' title="bbox 93 485 1220 4403">
    <p class='ocr_par' dir='ltr' id='par_1_2' title="bbox 101 485 1216 658">
     <span class='ocr_line' id='line_1_2' title="bbox 103 485 1216 577; baseline 0.005 -27"><span class='ocrx_word' id='word_1_3' title='bbox 103 485 328 569; x_wconf 72' lang='grc' dir='ltr'><strong><em>ήοιοάιιιίιιας</em></strong></span> <span class='ocrx_word' id='word_1_4' title='bbox 349 505 680 574; x_wconf 78' lang='grc' dir='ltr'><strong><em>ραοιαιιοειαιιιαςννο,</em></strong></span> <span class='ocrx_word' id='word_1_5' title='bbox 703 503 732 554; x_wconf 84' lang='lat' dir='ltr'>st</span> <span class='ocrx_word' id='word_1_6' title='bbox 745 487 845 554; x_wconf 76' lang='lat' dir='ltr'>millio</span> <span class='ocrx_word' id='word_1_7' title='bbox 866 514 958 577; x_wconf 74' lang='lat' dir='ltr'>usque</span> <span class='ocrx_word' id='word_1_8' title='bbox 978 487 1169 576; x_wconf 77' lang='lat' dir='ltr'>adpraesens</span> <span class='ocrx_word' id='word_1_9' title='bbox 1183 495 1216 556; x_wconf 83' lang='lat' dir='ltr'>ia</span> 
     </span>
     <span class='ocr_line' id='line_1_3' title="bbox 101 572 725 658; baseline 0.008 -22"><span class='ocrx_word' id='word_1_10' title='bbox 101 572 183 658; x_wconf 89' lang='lat' dir='ltr'>Rep.</span> <span class='ocrx_word' id='word_1_11' title='bbox 198 577 405 654; x_wconf 84' lang='lat' dir='ltr'>nominantur,</span> <span class='ocrx_word' id='word_1_12' title='bbox 425 574 529 653; x_wconf 81' lang='lat' dir='ltr'>idest,</span> <span class='ocrx_word' id='word_1_13' title='bbox 550 577 725 650; x_wconf 68' lang='lat' dir='ltr'>resonari..</span> 
     </span>
    </p>

    <p class='ocr_par' dir='ltr' id='par_1_3' title="bbox 93 655 1220 4403">
     <span class='ocr_line' id='line_1_4' title="bbox 192 655 1215 744; baseline -0.004 -16"><span class='ocrx_word' id='word_1_14' title='bbox 192 657 269 742; x_wconf 74' lang='lat' dir='ltr'>Pag·</span> <span class='ocrx_word' id='word_1_15' title='bbox 291 661 364 728; x_wconf 74' lang='lat'><strong>364·</strong></span> <span class='ocrx_word' id='word_1_16' title='bbox 387 661 440 728; x_wconf 83' lang='lat'>14.</span> <span class='ocrx_word' id='word_1_17' title='bbox 460 659 527 725; x_wconf 80' lang='lat' dir='ltr'>ddi</span> <span class='ocrx_word' id='word_1_18' title='bbox 539 658 727 744; x_wconf 80' lang='grc' dir='ltr'><strong><em>Αρεάβινάος</em></strong></span> <span class='ocrx_word' id='word_1_19' title='bbox 738 655 882 744; x_wconf 73' lang='grc' dir='ltr'><strong><em>ίβάσκαξο</em></strong></span> <span class='ocrx_word' id='word_1_20' title='bbox 898 659 951 725; x_wconf 81' lang='grc' dir='ltr'><strong><em>καί</em></strong></span> <span class='ocrx_word' id='word_1_21' title='bbox 964 656 1135 744; x_wconf 63' lang='lat' dir='ltr'>eosdm]</span> <span class='ocrx_word' id='word_1_22' title='bbox 1158 680 1215 725; x_wconf 85' lang='grc' dir='ltr'><strong><em>σοο-</em></strong></span> 
     </span>
     <span class='ocr_line' id='line_1_5' title="bbox 93 740 1217 830; baseline 0.003 -21"><span class='ocrx_word' id='word_1_23' title='bbox 93 740 222 828; x_wconf 58' lang='grc' dir='ltr'><strong><em>,κάρηη</em></strong></span> <span class='ocrx_word' id='word_1_24' title='bbox 244 762 303 826; x_wconf 87' lang='lat' dir='ltr'>pro</span> <span class='ocrx_word' id='word_1_25' title='bbox 323 741 467 826; x_wconf 87' lang='grc' dir='ltr'><strong><em>οοκάριν,</em></strong></span> <span class='ocrx_word' id='word_1_26' title='bbox 487 745 540 807; x_wconf 90' lang='lat' dir='ltr'>bic</span> <span class='ocrx_word' id='word_1_27' title='bbox 555 749 628 828; x_wconf 88' lang='lat' dir='ltr'>poni</span> <span class='ocrx_word' id='word_1_28' title='bbox 646 748 802 830; x_wconf 84' lang='lat' dir='ltr'>suspicor:</span> <span class='ocrx_word' id='word_1_29' title='bbox 823 743 951 830; x_wconf 82' lang='grc' dir='ltr'><strong><em>σοκάριν</em></strong></span> <span class='ocrx_word' id='word_1_30' title='bbox 972 767 1047 810; x_wconf 84' lang='lat' dir='ltr'>vero</span> <span class='ocrx_word' id='word_1_31' title='bbox 1067 767 1106 806; x_wconf 85' lang='lat' dir='ltr'>ax</span> <span class='ocrx_word' id='word_1_32' title='bbox 1125 742 1217 811; x_wconf 84' lang='grc' dir='ltr'><strong><em>σοιιά-</em></strong></span> 
     </span>
     <span class='ocr_line' id='line_1_6' title="bbox 102 829 1216 915; baseline -0.003 -21"><span class='ocrx_word' id='word_1_33' title='bbox 102 853 175 912; x_wconf 88' lang='grc' dir='ltr'><strong><em>ριον</em></strong></span> <span class='ocrx_word' id='word_1_34' title='bbox 189 829 238 904; x_wconf 83' lang='lat' dir='ltr'>fit,</span> <span class='ocrx_word' id='word_1_35' title='bbox 264 832 458 894; x_wconf 78' lang='lat' dir='ltr'>usitatissime</span> <span class='ocrx_word' id='word_1_36' title='bbox 473 833 646 915; x_wconf 87' lang='lat' dir='ltr'>scriptionis</span> <span class='ocrx_word' id='word_1_37' title='bbox 658 835 841 914; x_wconf 80' lang='lat' dir='ltr'><strong>corruptela.</strong></span> <span class='ocrx_word' id='word_1_38' title='bbox 883 835 935 894; x_wconf 82' lang='lat' dir='ltr'>Sic</span> <span class='ocrx_word' id='word_1_39' title='bbox 946 831 1118 912; x_wconf 79' lang='grc' dir='ltr'><strong><em>Σωσθένην</em></strong></span> <span class='ocrx_word' id='word_1_40' title='bbox 1132 831 1216 912; x_wconf 80' lang='lat' dir='ltr'>opud</span> 
     </span>
     <span class='ocr_line' id='line_1_7' title="bbox 101 913 1215 1000; baseline 0 -24"><span class='ocrx_word' id='word_1_41' title='bbox 101 925 244 976; x_wconf 71' lang='lat' dir='ltr'>neruum</span> <span class='ocrx_word' id='word_1_42' title='bbox 259 913 420 994; x_wconf 85' lang='lat' dir='ltr'>babemus,</span> <span class='ocrx_word' id='word_1_43' title='bbox 441 936 499 998; x_wconf 89' lang='lat' dir='ltr'>pro</span> <span class='ocrx_word' id='word_1_44' title='bbox 514 919 689 997; x_wconf 79' lang='grc' dir='ltr'><strong><em>Σωσθίνιν,</em></strong></span> <span class='ocrx_word' id='word_1_45' title='bbox 714 929 746 981; x_wconf 91' lang='lat' dir='ltr'>et</span> <span class='ocrx_word' id='word_1_46' title='bbox 760 918 821 980; x_wconf 92' lang='lat' dir='ltr'>boc</span> <span class='ocrx_word' id='word_1_47' title='bbox 833 941 891 1000; x_wconf 84' lang='lat' dir='ltr'>pro</span> <span class='ocrx_word' id='word_1_48' title='bbox 907 916 1095 981; x_wconf 78' lang='grc' dir='ltr'><strong><em>Σοσθάνιον.</em></strong></span> <span class='ocrx_word' id='word_1_49' title='bbox 1141 919 1215 976; x_wconf 83' lang='lat' dir='ltr'>Coa-</span> 
     </span>
     <span class='ocr_line' id='line_1_8' title="bbox 101 1000 1215 1087; baseline 0.003 -26"><span class='ocrx_word' id='word_1_50' title='bbox 101 1011 204 1061; x_wconf 83' lang='lat' dir='ltr'>terum</span> <span class='ocrx_word' id='word_1_51' title='bbox 223 1000 296 1078; x_wconf 90' lang='lat' dir='ltr'>quid</span> <span class='ocrx_word' id='word_1_52' title='bbox 311 1001 432 1063; x_wconf 87' lang='lat' dir='ltr'>tandem</span> <span class='ocrx_word' id='word_1_53' title='bbox 447 1004 487 1064; x_wconf 89' lang='lat' dir='ltr'>sit</span> <span class='ocrx_word' id='word_1_54' title='bbox 503 1001 645 1087; x_wconf 87' lang='grc' dir='ltr'><strong><em>σοκάριν,</em></strong></span> <span class='ocrx_word' id='word_1_55' title='bbox 667 1007 733 1066; x_wconf 81' lang='lat' dir='ltr'>aive</span> <span class='ocrx_word' id='word_1_56' title='bbox 749 1001 911 1087; x_wconf 71' lang='lat' dir='ltr'>ooroiptov5</span> <span class='ocrx_word' id='word_1_57' title='bbox 932 1014 988 1064; x_wconf 89' lang='lat' dir='ltr'>aut</span> <span class='ocrx_word' id='word_1_58' title='bbox 1003 1003 1150 1062; x_wconf 80' lang='lat' dir='ltr'>vocabula</span> <span class='ocrx_word' id='word_1_59' title='bbox 1161 1002 1215 1064; x_wconf 83' lang='lat' dir='ltr'>ille</span> 
     </span>
     <span class='ocr_line' id='line_1_9' title="bbox 102 1083 1216 1170; baseline 0.003 -25"><span class='ocrx_word' id='word_1_60' title='bbox 102 1086 165 1145; x_wconf 84' lang='lat' dir='ltr'>alia</span> <span class='ocrx_word' id='word_1_61' title='bbox 178 1085 312 1166; x_wconf 86' lang='lat' dir='ltr'>ejusdem</span> <span class='ocrx_word' id='word_1_62' title='bbox 328 1088 472 1165; x_wconf 86' lang='lat' dir='ltr'>familiae,</span> <span class='ocrx_word' id='word_1_63' title='bbox 496 1109 574 1169; x_wconf 87' lang='lat' dir='ltr'>quae</span> <span class='ocrx_word' id='word_1_64' title='bbox 593 1091 674 1150; x_wconf 86' lang='lat' dir='ltr'>inira</span> <span class='ocrx_word' id='word_1_65' title='bbox 698 1101 867 1150; x_wconf 87' lang='lat' dir='ltr'>occurrunt</span> <span class='ocrx_word' id='word_1_66' title='bbox 873 1139 883 1170; x_wconf 88' lang='lat'>,</span> <span class='ocrx_word' id='word_1_67' title='bbox 903 1090 971 1150; x_wconf 83' lang='lat' dir='ltr'>scil.</span> <span class='ocrx_word' id='word_1_68' title='bbox 990 1083 1082 1162; x_wconf 86' lang='grc' dir='ltr'><strong><em>σάκος</em></strong></span> <span class='ocrx_word' id='word_1_69' title='bbox 1098 1097 1130 1148; x_wconf 90' lang='lat' dir='ltr'>et</span> <span class='ocrx_word' id='word_1_70' title='bbox 1145 1105 1216 1150; x_wconf 66' lang='grc' dir='ltr'><strong><em>σοκ.</em></strong></span> 
     </span>
     <span class='ocr_line' id='line_1_10' title="bbox 100 1166 1216 1254; baseline -0.001 -20"><span class='ocrx_word' id='word_1_71' title='bbox 100 1166 195 1249; x_wconf 72' lang='lat' dir='ltr'>nolu,</span> <span class='ocrx_word' id='word_1_72' title='bbox 209 1171 406 1232; x_wconf 68' lang='lat' dir='ltr'><strong>libentissime</strong></span> <span class='ocrx_word' id='word_1_73' title='bbox 421 1175 458 1234; x_wconf 90' lang='lat' dir='ltr'>ab</span> <span class='ocrx_word' id='word_1_74' title='bbox 473 1175 575 1254; x_wconf 85' lang='lat' dir='ltr'>aliquo</span> <span class='ocrx_word' id='word_1_75' title='bbox 590 1176 746 1236; x_wconf 85' lang='lat' dir='ltr'>discerem.</span> <span class='ocrx_word' id='word_1_76' title='bbox 790 1177 877 1236; x_wconf 84' lang='lat' dir='ltr'>Certe</span> <span class='ocrx_word' id='word_1_77' title='bbox 889 1175 964 1234; x_wconf 85' lang='lat' dir='ltr'>adso</span> <span class='ocrx_word' id='word_1_78' title='bbox 977 1171 1130 1233; x_wconf 71' lang='lat' dir='ltr'>inauditae</span> <span class='ocrx_word' id='word_1_79' title='bbox 1143 1181 1216 1233; x_wconf 86' lang='lat' dir='ltr'>sunt</span> 
     </span>
     <span class='ocr_line' id='line_1_11' title="bbox 100 1254 1215 1342; baseline 0 -27"><span class='ocrx_word' id='word_1_80' title='bbox 100 1254 162 1316; x_wconf 89' lang='lat' dir='ltr'>baa</span> <span class='ocrx_word' id='word_1_81' title='bbox 175 1274 274 1331; x_wconf 84' lang='lat' dir='ltr'>voces,</span> <span class='ocrx_word' id='word_1_82' title='bbox 296 1266 331 1316; x_wconf 91' lang='lat' dir='ltr'>ut</span> <span class='ocrx_word' id='word_1_83' title='bbox 344 1259 433 1319; x_wconf 89' lang='lat' dir='ltr'>etism</span> <span class='ocrx_word' id='word_1_84' title='bbox 453 1277 504 1320; x_wconf 85' lang='lat' dir='ltr'>eas</span> <span class='ocrx_word' id='word_1_85' title='bbox 517 1271 670 1342; x_wconf 86' lang='lat' dir='ltr'>suspectas</span> <span class='ocrx_word' id='word_1_86' title='bbox 685 1259 816 1322; x_wconf 77' lang='lat' dir='ltr'><strong>habeant</strong></span> <span class='ocrx_word' id='word_1_87' title='bbox 828 1261 886 1320; x_wconf 83' lang='lat' dir='ltr'>viri</span> <span class='ocrx_word' id='word_1_88' title='bbox 898 1259 1101 1335; x_wconf 71' lang='lat' dir='ltr'>eruditissimi,</span> <span class='ocrx_word' id='word_1_89' title='bbox 1122 1266 1215 1337; x_wconf 85' lang='lat' dir='ltr'>atque</span> 
     </span>
     <span class='ocr_line' id='line_1_12' title="bbox 101 1328 1216 1426; baseline -0.001 -25"><span class='ocrx_word' id='word_1_90' title='bbox 101 1361 146 1401; x_wconf 76' lang='lat' dir='ltr'>ex</span> <span class='ocrx_word' id='word_1_91' title='bbox 167 1339 353 1402; x_wconf 70' lang='lat' dir='ltr'>Auctoribus</span> <span class='ocrx_word' id='word_1_92' title='bbox 372 1328 558 1425; x_wconf 81' lang='lat' dir='ltr'>expungant.</span> <span class='ocrx_word' id='word_1_93' title='bbox 610 1343 1020 1426; x_wconf 83' lang='lat' dir='ltr'>ltaioboc01ympiodosi</span> <span class='ocrx_word' id='word_1_94' title='bbox 1042 1344 1112 1404; x_wconf 89' lang='lat' dir='ltr'>loco</span> <span class='ocrx_word' id='word_1_95' title='bbox 1131 1339 1216 1422; x_wconf 88' lang='lat' dir='ltr'>apud</span> 
     </span>
     <span class='ocr_line' id='line_1_13' title="bbox 100 1423 1216 1515; baseline 0.002 -28"><span class='ocrx_word' id='word_1_96' title='bbox 100 1425 263 1488; x_wconf 81' lang='lat' dir='ltr'>Pbotiums</span> <span class='ocrx_word' id='word_1_97' title='bbox 285 1425 471 1507; x_wconf 79' lang='grc' dir='ltr'><strong><em>Αάάονίφος</em></strong></span> <span class='ocrx_word' id='word_1_98' title='bbox 489 1427 721 1510; x_wconf 66' lang='lat' dir='ltr'>columbeio,</span> <span class='ocrx_word' id='word_1_99' title='bbox 742 1423 978 1515; x_wconf 78' lang='grc' dir='ltr'><strong><em>κροῦπανιιάζει</em></strong></span> <span class='ocrx_word' id='word_1_100' title='bbox 990 1426 1128 1509; x_wconf 76' lang='grc' dir='ltr'>χιλιάδας</span> <span class='ocrx_word' id='word_1_101' title='bbox 1143 1425 1216 1490; x_wconf 83' lang='grc' dir='ltr'><strong><em>άίκα</em></strong></span> 
     </span>
     <span class='ocr_line' id='line_1_14' title="bbox 101 1505 1216 1600; baseline 0.001 -27"><span class='ocrx_word' id='word_1_102' title='bbox 101 1506 349 1594; x_wconf 73' lang='grc' dir='ltr'><strong><em>σννηιαγάμινος</em></strong></span> <span class='ocrx_word' id='word_1_103' title='bbox 360 1509 535 1600; x_wconf 75' lang='grc' dir='ltr'><strong><em>στρατιάτῃ,</em></strong></span> <span class='ocrx_word' id='word_1_104' title='bbox 558 1515 655 1596; x_wconf 70' lang='grc' dir='ltr'><strong><em>ἔχοντι</em></strong></span> <span class='ocrx_word' id='word_1_105' title='bbox 667 1513 785 1599; x_wconf 72' lang='grc' dir='ltr'><strong><em>ἄνδρας</em></strong></span> <span class='ocrx_word' id='word_1_106' title='bbox 798 1514 869 1597; x_wconf 82' lang='grc' dir='ltr'><strong><em>περί</em></strong></span> <span class='ocrx_word' id='word_1_107' title='bbox 883 1509 978 1576; x_wconf 65' lang='lat' dir='ltr'>adab</span> <span class='ocrx_word' id='word_1_108' title='bbox 990 1509 1104 1597; x_wconf 78' lang='grc' dir='ltr'><strong><em>Ασάρρ)</em></strong></span> <span class='ocrx_word' id='word_1_109' title='bbox 1122 1505 1216 1576; x_wconf 73' lang='lat' dir='ltr'>detu-</span> 
     </span>
     <span class='ocr_line' id='line_1_15' title="bbox 99 1591 1216 1682; baseline -0.001 -22"><span class='ocrx_word' id='word_1_110' title='bbox 99 1597 247 1676; x_wconf 81' lang='grc' dir='ltr'><strong><em>καίάικα,</em></strong></span> <span class='ocrx_word' id='word_1_111' title='bbox 267 1592 354 1678; x_wconf 61' lang='lat' dir='ltr'>decl</span> <span class='ocrx_word' id='word_1_112' title='bbox 370 1599 498 1661; x_wconf 82' lang='grc' dir='ltr'><strong><em>είκοσιν·</em></strong></span> <span class='ocrx_word' id='word_1_113' title='bbox 520 1595 556 1663; x_wconf 74' lang='grc' dir='ltr'>ὃν</span> <span class='ocrx_word' id='word_1_114' title='bbox 569 1599 641 1680; x_wconf 67' lang='grc' dir='ltr'><strong><em>ἔργα</em></strong></span> <span class='ocrx_word' id='word_1_115' title='bbox 650 1598 770 1682; x_wconf 65' lang='lat' dir='ltr'>riputati</span> <span class='ocrx_word' id='word_1_116' title='bbox 783 1599 835 1662; x_wconf 85' lang='grc' dir='ltr'><strong><em>καί</em></strong></span> <span class='ocrx_word' id='word_1_117' title='bbox 844 1591 1006 1680; x_wconf 79' lang='grc' dir='ltr'><strong><em>θαυμάσαι</em></strong></span> <span class='ocrx_word' id='word_1_118' title='bbox 1019 1593 1091 1673; x_wconf 82' lang='grc' dir='ltr'><strong><em>άξια</em></strong></span> <span class='ocrx_word' id='word_1_119' title='bbox 1106 1595 1216 1660; x_wconf 56' lang='lat' dir='ltr'>heieu</span> 
     </span>
     <span class='ocr_line' id='line_1_16' title="bbox 100 1677 1216 1766; baseline 0.002 -25"><span class='ocrx_word' id='word_1_120' title='bbox 100 1677 254 1760; x_wconf 77' lang='grc' dir='ltr'><strong><em>ξάμενον,</em></strong></span> <span class='ocrx_word' id='word_1_121' title='bbox 289 1677 372 1761; x_wconf 83' lang='grc' dir='ltr'><strong><em>μάίις</em></strong></span> <span class='ocrx_word' id='word_1_122' title='bbox 390 1691 406 1724; x_wconf 83' lang='grc'><em>*</em></span> <span class='ocrx_word' id='word_1_123' title='bbox 435 1677 560 1757; x_wconf 75' lang='grc' dir='ltr'><strong><em>σάκκοις</em></strong></span> <span class='ocrx_word' id='word_1_124' title='bbox 588 1681 776 1766; x_wconf 54' lang='grc' dir='ltr'><strong><em>ἐζώγρησαν,</em></strong></span> <span class='ocrx_word' id='word_1_125' title='bbox 807 1683 861 1747; x_wconf 82' lang='grc' dir='ltr'><strong><em>καί</em></strong></span> <span class='ocrx_word' id='word_1_126' title='bbox 889 1679 1019 1765; x_wconf 71' lang='grc' dir='ltr'><strong><em>ὕστερον</em></strong></span> <span class='ocrx_word' id='word_1_127' title='bbox 1044 1677 1216 1765; x_wconf 80' lang='grc' dir='ltr'><strong><em>άναιροῦσι.</em></strong></span> 
     </span>
     <span class='ocr_line' id='line_1_17' title="bbox 100 1761 1216 1850; baseline -0.003 -22"><span class='ocrx_word' id='word_1_128' title='bbox 100 1761 306 1846; x_wconf 80' lang='lat' dir='ltr'>Adoulplrua,</span> <span class='ocrx_word' id='word_1_129' title='bbox 337 1769 457 1850; x_wconf 70' lang='lat' dir='ltr'>cognito</span> <span class='ocrx_word' id='word_1_130' title='bbox 478 1789 523 1844; x_wconf 85' lang='lat' dir='ltr'>re,</span> <span class='ocrx_word' id='word_1_131' title='bbox 553 1765 685 1830; x_wconf 77' lang='lat' dir='ltr'>collectis</span> <span class='ocrx_word' id='word_1_132' title='bbox 711 1765 810 1830; x_wconf 83' lang='lat' dir='ltr'>decem</span> <span class='ocrx_word' id='word_1_133' title='bbox 834 1765 971 1830; x_wconf 78' lang='lat' dir='ltr'>millibus</span> <span class='ocrx_word' id='word_1_134' title='bbox 988 1764 1136 1838; x_wconf 83' lang='lat' dir='ltr'>militum,</span> <span class='ocrx_word' id='word_1_135' title='bbox 1158 1787 1216 1826; x_wconf 90' lang='lat' dir='ltr'>oo-</span> 
     </span>
     <span class='ocr_line' id='line_1_18' title="bbox 101 1846 1215 1935; baseline 0.001 -24"><span class='ocrx_word' id='word_1_136' title='bbox 101 1852 197 1911; x_wconf 84' lang='lat' dir='ltr'>corrit</span> <span class='ocrx_word' id='word_1_137' title='bbox 217 1846 313 1925; x_wconf 81' lang='lat' dir='ltr'>Suro,</span> <span class='ocrx_word' id='word_1_138' title='bbox 334 1851 415 1910; x_wconf 80' lang='lat' dir='ltr'>viror</span> <span class='ocrx_word' id='word_1_139' title='bbox 435 1850 599 1912; x_wconf 78' lang='lat' dir='ltr'>octodecim</span> <span class='ocrx_word' id='word_1_140' title='bbox 617 1868 671 1913; x_wconf 90' lang='lat' dir='ltr'>out</span> <span class='ocrx_word' id='word_1_141' title='bbox 690 1855 798 1934; x_wconf 59' lang='lat' dir='ltr'>osgriati</span> <span class='ocrx_word' id='word_1_142' title='bbox 812 1849 897 1935; x_wconf 78' lang='lat' dir='ltr'>opud</span> <span class='ocrx_word' id='word_1_143' title='bbox 916 1875 949 1912; x_wconf 84' lang='lat' dir='ltr'>ee</span> <span class='ocrx_word' id='word_1_144' title='bbox 969 1849 1108 1929; x_wconf 77' lang='lat' dir='ltr'>dolenti3</span> <span class='ocrx_word' id='word_1_145' title='bbox 1128 1872 1215 1934; x_wconf 82' lang='lat' dir='ltr'>quem</span> 
     </span>
     <span class='ocr_line' id='line_1_19' title="bbox 98 1932 1216 2016; baseline 0 -22"><span class='ocrx_word' id='word_1_146' title='bbox 98 1949 187 2016; x_wconf 77' lang='lat' dir='ltr'>gesto</span> <span class='ocrx_word' id='word_1_147' title='bbox 207 1932 341 2005; x_wconf 79' lang='lat' dir='ltr'>heroico,</span> <span class='ocrx_word' id='word_1_148' title='bbox 362 1949 391 1993; x_wconf 87' lang='lat' dir='ltr'>et</span> <span class='ocrx_word' id='word_1_149' title='bbox 411 1949 531 2016; x_wconf 79' lang='lat' dir='ltr'>stupore</span> <span class='ocrx_word' id='word_1_150' title='bbox 549 1935 643 2016; x_wconf 77' lang='lat' dir='ltr'>dignu</span> <span class='ocrx_word' id='word_1_151' title='bbox 666 1935 812 2016; x_wconf 81' lang='lat' dir='ltr'>edentem,</span> <span class='ocrx_word' id='word_1_152' title='bbox 834 1945 851 1979; x_wconf 75' lang='lat'>⁸¹</span> <span class='ocrx_word' id='word_1_153' title='bbox 873 1937 966 1998; x_wconf 77' lang='lat' dir='ltr'>acutia</span> <span class='ocrx_word' id='word_1_154' title='bbox 987 1932 1146 2012; x_wconf 75' lang='lat' dir='ltr'>adhibitis,</span> <span class='ocrx_word' id='word_1_155' title='bbox 1168 1937 1216 1995; x_wconf 85' lang='lat' dir='ltr'>ui·</span> 
     </span>
     <span class='ocr_line' id='line_1_20' title="bbox 99 2016 1218 2104; baseline 0.004 -26"><span class='ocrx_word' id='word_1_156' title='bbox 99 2039 173 2078; x_wconf 81' lang='lat' dir='ltr'>uum</span> <span class='ocrx_word' id='word_1_157' title='bbox 186 2039 275 2098; x_wconf 82' lang='lat' dir='ltr'>oegre</span> <span class='ocrx_word' id='word_1_158' title='bbox 291 2041 395 2100; x_wconf 85' lang='lat' dir='ltr'>cupere</span> <span class='ocrx_word' id='word_1_159' title='bbox 408 2035 581 2100; x_wconf 80' lang='lat' dir='ltr'>potuerunt,</span> <span class='ocrx_word' id='word_1_160' title='bbox 611 2019 788 2104; x_wconf 74' lang='lat' dir='ltr'>tandemque</span> <span class='ocrx_word' id='word_1_161' title='bbox 806 2018 957 2085; x_wconf 81' lang='lat' dir='ltr'>occidunt.</span> <span class='ocrx_word' id='word_1_162' title='bbox 1009 2020 1070 2080; x_wconf 87' lang='lat' dir='ltr'>Pro</span> <span class='ocrx_word' id='word_1_163' title='bbox 1091 2016 1218 2096; x_wconf 84' lang='grc' dir='ltr'><strong><em>σάκκοις</em></strong></span> 
     </span>
     <span class='ocr_line' id='line_1_21' title="bbox 100 2101 1215 2192; baseline 0.003 -28"><span class='ocrx_word' id='word_1_164' title='bbox 100 2101 164 2164; x_wconf 90' lang='lat' dir='ltr'>boc</span> <span class='ocrx_word' id='word_1_165' title='bbox 181 2103 270 2179; x_wconf 90' lang='lat' dir='ltr'>loco,</span> <span class='ocrx_word' id='word_1_166' title='bbox 291 2102 483 2166; x_wconf 78' lang='lat' dir='ltr'>doctissimus</span> <span class='ocrx_word' id='word_1_167' title='bbox 497 2103 710 2180; x_wconf 79' lang='lat' dir='ltr'>Hoeschelius‚</span> <span class='ocrx_word' id='word_1_168' title='bbox 733 2107 821 2182; x_wconf 87' lang='lat' dir='ltr'>licet,</span> <span class='ocrx_word' id='word_1_169' title='bbox 841 2116 879 2166; x_wconf 90' lang='lat' dir='ltr'>ut</span> <span class='ocrx_word' id='word_1_170' title='bbox 896 2106 963 2192; x_wconf 88' lang='lat' dir='ltr'>ipse</span> <span class='ocrx_word' id='word_1_171' title='bbox 978 2106 1109 2181; x_wconf 86' lang='lat' dir='ltr'>latetur,</span> <span class='ocrx_word' id='word_1_172' title='bbox 1129 2106 1160 2165; x_wconf 88' lang='lat' dir='ltr'>in</span> <span class='ocrx_word' id='word_1_173' title='bbox 1174 2103 1215 2168; x_wconf 86' lang='grc' dir='ltr'>Η.</span> 
     </span>
     <span class='ocr_line' id='line_1_22' title="bbox 102 2184 1215 2273; baseline -0.001 -24"><span class='ocrx_word' id='word_1_174' title='bbox 102 2187 250 2268; x_wconf 85' lang='lat' dir='ltr'>Stephani</span> <span class='ocrx_word' id='word_1_175' title='bbox 262 2187 366 2250; x_wconf 89' lang='lat' dir='ltr'>codice</span> <span class='ocrx_word' id='word_1_176' title='bbox 379 2189 489 2266; x_wconf 84' lang='lat' dir='ltr'>veteri,</span> <span class='ocrx_word' id='word_1_177' title='bbox 513 2184 636 2264; x_wconf 79' lang='grc' dir='ltr'><strong><em>σάκκοις</em></strong></span> <span class='ocrx_word' id='word_1_178' title='bbox 649 2192 709 2251; x_wconf 86' lang='lat' dir='ltr'>acri</span> <span class='ocrx_word' id='word_1_179' title='bbox 710 2201 799 2273; x_wconf 89' lang='lat' dir='ltr'>ptum</span> <span class='ocrx_word' id='word_1_180' title='bbox 809 2191 969 2269; x_wconf 80' lang='lat' dir='ltr'>invenerit,</span> <span class='ocrx_word' id='word_1_181' title='bbox 990 2193 1017 2251; x_wconf 90' lang='lat' dir='ltr'>si</span> <span class='ocrx_word' id='word_1_182' title='bbox 1031 2189 1111 2270; x_wconf 89' lang='lat' dir='ltr'>quid-</span> <span class='ocrx_word' id='word_1_183' title='bbox 1120 2189 1215 2268; x_wconf 84' lang='lat' dir='ltr'>aliud,</span> 
     </span>
     <span class='ocr_line' id='line_1_23' title="bbox 102 2269 1215 2354; baseline 0.001 -18"><span class='ocrx_word' id='word_1_184' title='bbox 102 2275 243 2348; x_wconf 76' lang='grc' dir='ltr'><strong><em>σακκίοις</em></strong></span> <span class='ocrx_word' id='word_1_185' title='bbox 262 2283 362 2334; x_wconf 88' lang='lat' dir='ltr'>tamen</span> <span class='ocrx_word' id='word_1_186' title='bbox 384 2276 593 2354; x_wconf 87' lang='lat' dir='ltr'>reponendum</span> <span class='ocrx_word' id='word_1_187' title='bbox 616 2286 726 2339; x_wconf 87' lang='lat' dir='ltr'>censet.</span> <span class='ocrx_word' id='word_1_188' title='bbox 775 2276 873 2337; x_wconf 77' lang='lat' dir='ltr'>Andr.</span> <span class='ocrx_word' id='word_1_189' title='bbox 898 2273 1060 2351; x_wconf 78' lang='lat' dir='ltr'>schottus,</span> <span class='ocrx_word' id='word_1_190' title='bbox 1099 2269 1215 2353; x_wconf 83' lang='grc' dir='ltr'><strong><em>σάκοις,</em></strong></span> 
     </span>
     <span class='ocr_line' id='line_1_24' title="bbox 101 2353 1215 2440; baseline -0.002 -22"><span class='ocrx_word' id='word_1_191' title='bbox 101 2358 156 2418; x_wconf 83' lang='lat' dir='ltr'>vel</span> <span class='ocrx_word' id='word_1_192' title='bbox 176 2353 298 2436; x_wconf 75' lang='lat' dir='ltr'>adesos,</span> <span class='ocrx_word' id='word_1_193' title='bbox 328 2359 450 2418; x_wconf 87' lang='lat' dir='ltr'>omnino</span> <span class='ocrx_word' id='word_1_194' title='bbox 472 2358 531 2440; x_wconf 85' lang='lat' dir='ltr'>legi</span> <span class='ocrx_word' id='word_1_195' title='bbox 554 2361 637 2421; x_wconf 81' lang='lat' dir='ltr'>vultt</span> <span class='ocrx_word' id='word_1_196' title='bbox 671 2363 762 2422; x_wconf 84' lang='lat' dir='ltr'>Scuta</span> <span class='ocrx_word' id='word_1_197' title='bbox 788 2363 921 2436; x_wconf 90' lang='lat' dir='ltr'>scilicet,</span> <span class='ocrx_word' id='word_1_198' title='bbox 953 2380 1045 2440; x_wconf 84' lang='lat' dir='ltr'>quam</span> <span class='ocrx_word' id='word_1_199' title='bbox 1068 2360 1215 2437; x_wconf 86' lang='lat' dir='ltr'>sacculos,</span> 
     </span>
     <span class='ocr_line' id='line_1_25' title="bbox 101 2443 1218 2524; baseline 0 -20"><span class='ocrx_word' id='word_1_200' title='bbox 101 2443 245 2504; x_wconf 82' lang='lat' dir='ltr'>hostibus</span> <span class='ocrx_word' id='word_1_201' title='bbox 265 2444 343 2504; x_wconf 81' lang='lat' dir='ltr'>viris</span> <span class='ocrx_word' id='word_1_202' title='bbox 364 2445 520 2524; x_wconf 83' lang='lat' dir='ltr'>capiendis</span> <span class='ocrx_word' id='word_1_203' title='bbox 541 2447 817 2507; x_wconf 80' lang='lat' dir='ltr'>accommodatiora</span> <span class='ocrx_word' id='word_1_204' title='bbox 842 2445 1024 2508; x_wconf 81' lang='lat' dir='ltr'>existimans.</span> <span class='ocrx_word' id='word_1_205' title='bbox 1065 2443 1127 2504; x_wconf 87' lang='lat' dir='ltr'>Ista</span> <span class='ocrx_word' id='word_1_206' title='bbox 1150 2444 1218 2523; x_wconf 88' lang='lat' dir='ltr'>qui·</span> 
     </span>
     <span class='ocr_line' id='line_1_26' title="bbox 104 2527 1218 2610; baseline -0.004 -18"><span class='ocrx_word' id='word_1_207' title='bbox 104 2531 176 2592; x_wconf 88' lang='lat' dir='ltr'>dem</span> <span class='ocrx_word' id='word_1_208' title='bbox 196 2549 303 2610; x_wconf 84' lang='lat' dir='ltr'>porum</span> <span class='ocrx_word' id='word_1_209' title='bbox 325 2527 474 2610; x_wconf 81' lang='lat' dir='ltr'>arrident3</span> <span class='ocrx_word' id='word_1_210' title='bbox 502 2550 608 2592; x_wconf 81' lang='lat' dir='ltr'>verum</span> <span class='ocrx_word' id='word_1_211' title='bbox 627 2532 709 2592; x_wconf 85' lang='lat' dir='ltr'>unde</span> <span class='ocrx_word' id='word_1_212' title='bbox 732 2532 853 2593; x_wconf 86' lang='lat' dir='ltr'>saniora</span> <span class='ocrx_word' id='word_1_213' title='bbox 873 2529 1120 2610; x_wconf 71' lang='lat' dir='ltr'>expectabimus?</span> <span class='ocrx_word' id='word_1_214' title='bbox 1142 2528 1218 2589; x_wconf 83' lang='lat' dir='ltr'>blibi</span> 
     </span>
     <span class='ocr_line' id='line_1_27' title="bbox 103 2608 1217 2698; baseline 0.001 -21"><span class='ocrx_word' id='word_1_215' title='bbox 103 2625 187 2678; x_wconf 88' lang='lat' dir='ltr'>carte</span> <span class='ocrx_word' id='word_1_216' title='bbox 197 2635 261 2675; x_wconf 86' lang='lat' dir='ltr'>rem</span> <span class='ocrx_word' id='word_1_217' title='bbox 275 2615 411 2675; x_wconf 83' lang='lat' dir='ltr'>strictius</span> <span class='ocrx_word' id='word_1_218' title='bbox 423 2617 620 2698; x_wconf 81' lang='lat' dir='ltr'>perpendenti</span> <span class='ocrx_word' id='word_1_219' title='bbox 635 2617 727 2678; x_wconf 87' lang='lat' dir='ltr'>subiit</span> <span class='ocrx_word' id='word_1_220' title='bbox 741 2617 861 2679; x_wconf 88' lang='lat' dir='ltr'>tandem</span> <span class='ocrx_word' id='word_1_221' title='bbox 878 2615 1039 2695; x_wconf 82' lang='lat' dir='ltr'>auspicari,</span> <span class='ocrx_word' id='word_1_222' title='bbox 1061 2608 1217 2695; x_wconf 85' lang='grc' dir='ltr'><strong><em>σοκάριον,</em></strong></span> 
     </span>
     <span class='ocr_line' id='line_1_28' title="bbox 105 2694 1219 2780; baseline -0.002 -18"><span class='ocrx_word' id='word_1_223' title='bbox 105 2703 171 2763; x_wconf 81' lang='lat' dir='ltr'>aive</span> <span class='ocrx_word' id='word_1_224' title='bbox 187 2694 294 2779; x_wconf 81' lang='grc' dir='ltr'><strong><em>σάκον,</em></strong></span> <span class='ocrx_word' id='word_1_225' title='bbox 316 2701 426 2780; x_wconf 85' lang='lat' dir='ltr'>Laqusi</span> <span class='ocrx_word' id='word_1_226' title='bbox 440 2701 593 2780; x_wconf 83' lang='lat' dir='ltr'>quoddam</span> <span class='ocrx_word' id='word_1_227' title='bbox 609 2721 703 2780; x_wconf 81' lang='lat' dir='ltr'>genus</span> <span class='ocrx_word' id='word_1_228' title='bbox 716 2723 797 2780; x_wconf 87' lang='lat' dir='ltr'>essa,</span> <span class='ocrx_word' id='word_1_229' title='bbox 820 2701 958 2761; x_wconf 89' lang='lat' dir='ltr'>hostibus</span> <span class='ocrx_word' id='word_1_230' title='bbox 974 2699 1161 2778; x_wconf 86' lang='lat' dir='ltr'>irretisodis,</span> <span class='ocrx_word' id='word_1_231' title='bbox 1187 2707 1219 2760; x_wconf 86' lang='lat' dir='ltr'>et</span> 
     </span>
     <span class='ocr_line' id='line_1_29' title="bbox 105 2784 1219 2870; baseline -0.004 -22"><span class='ocrx_word' id='word_1_232' title='bbox 105 2787 244 2864; x_wconf 83' lang='lat' dir='ltr'>exequie</span> <span class='ocrx_word' id='word_1_233' title='bbox 259 2785 472 2866; x_wconf 78' lang='lat' dir='ltr'>deturbandis,</span> <span class='ocrx_word' id='word_1_234' title='bbox 497 2784 656 2865; x_wconf 85' lang='lat' dir='ltr'>idoneum,</span> <span class='ocrx_word' id='word_1_235' title='bbox 679 2799 807 2870; x_wconf 80' lang='lat' dir='ltr'>atquae</span> <span class='ocrx_word' id='word_1_236' title='bbox 827 2785 950 2863; x_wconf 84' lang='lat' dir='ltr'>Gothis,</span> <span class='ocrx_word' id='word_1_237' title='bbox 973 2785 1101 2865; x_wconf 80' lang='lat' dir='ltr'>aliisquo</span> <span class='ocrx_word' id='word_1_238' title='bbox 1123 2784 1219 2864; x_wconf 80' lang='lat' dir='ltr'>genti-</span> 
     </span>
     <span class='ocr_line' id='line_1_30' title="bbox 104 2869 1219 2955; baseline -0.004 -22"><span class='ocrx_word' id='word_1_239' title='bbox 104 2875 163 2933; x_wconf 88' lang='lat' dir='ltr'>bus</span> <span class='ocrx_word' id='word_1_240' title='bbox 176 2871 312 2931; x_wconf 84' lang='lat' dir='ltr'>barbaris</span> <span class='ocrx_word' id='word_1_241' title='bbox 328 2871 361 2930; x_wconf 92' lang='lat' dir='ltr'>in</span> <span class='ocrx_word' id='word_1_242' title='bbox 373 2870 452 2932; x_wconf 85' lang='lat' dir='ltr'>bella</span> <span class='ocrx_word' id='word_1_243' title='bbox 465 2873 537 2932; x_wconf 85' lang='lat' dir='ltr'>ierri</span> <span class='ocrx_word' id='word_1_244' title='bbox 551 2874 682 2936; x_wconf 86' lang='lat' dir='ltr'>solitam.</span> <span class='ocrx_word' id='word_1_245' title='bbox 725 2875 827 2953; x_wconf 80' lang='lat' dir='ltr'>Atque</span> <span class='ocrx_word' id='word_1_246' title='bbox 845 2872 1048 2955; x_wconf 82' lang='lat' dir='ltr'>conjecturam</span> <span class='ocrx_word' id='word_1_247' title='bbox 1064 2869 1145 2930; x_wconf 87' lang='lat' dir='ltr'>banc</span> <span class='ocrx_word' id='word_1_248' title='bbox 1160 2889 1219 2930; x_wconf 90' lang='lat' dir='ltr'>no·</span> 
     </span>
     <span class='ocr_line' id='line_1_31' title="bbox 104 2954 1220 3040; baseline -0.004 -22"><span class='ocrx_word' id='word_1_249' title='bbox 104 2967 198 3019; x_wconf 82' lang='lat' dir='ltr'>stram</span> <span class='ocrx_word' id='word_1_250' title='bbox 213 2955 434 3036; x_wconf 85' lang='lat' dir='ltr'>quodammodo</span> <span class='ocrx_word' id='word_1_251' title='bbox 451 2957 585 3020; x_wconf 86' lang='lat' dir='ltr'>stabilire</span> <span class='ocrx_word' id='word_1_252' title='bbox 605 2959 746 3037; x_wconf 81' lang='lat' dir='ltr'>videtur,</span> <span class='ocrx_word' id='word_1_253' title='bbox 768 2957 855 3040; x_wconf 86' lang='lat' dir='ltr'>quod</span> <span class='ocrx_word' id='word_1_254' title='bbox 867 2957 996 3035; x_wconf 74' lang='lat' dir='ltr'>legimus</span> <span class='ocrx_word' id='word_1_255' title='bbox 1016 2956 1099 3037; x_wconf 85' lang='lat' dir='ltr'>apud</span> <span class='ocrx_word' id='word_1_256' title='bbox 1122 2954 1220 3016; x_wconf 83' lang='lat' dir='ltr'>laido-</span> 
     </span>
     <span class='ocr_line' id='line_1_32' title="bbox 104 3041 1219 3124; baseline -0.008 -16"><span class='ocrx_word' id='word_1_257' title='bbox 104 3061 175 3102; x_wconf 87' lang='lat' dir='ltr'>rum</span> <span class='ocrx_word' id='word_1_258' title='bbox 192 3043 229 3102; x_wconf 86' lang='lat' dir='ltr'>de</span> <span class='ocrx_word' id='word_1_259' title='bbox 244 3041 390 3120; x_wconf 79' lang='lat' dir='ltr'>Originib.</span> <span class='ocrx_word' id='word_1_260' title='bbox 411 3042 464 3102; x_wconf 86' lang='lat' dir='ltr'>lib·</span> <span class='ocrx_word' id='word_1_261' title='bbox 478 3048 528 3108; x_wconf 89' lang='lat'>18.</span> <span class='ocrx_word' id='word_1_262' title='bbox 549 3063 616 3124; x_wconf 85' lang='lat' dir='ltr'>cap.</span> <span class='ocrx_word' id='word_1_263' title='bbox 637 3044 690 3110; x_wconf 84' lang='lat'>66.</span> <span class='ocrx_word' id='word_1_264' title='bbox 713 3045 753 3106; x_wconf 84' lang='lat' dir='ltr'>de</span> <span class='ocrx_word' id='word_1_265' title='bbox 771 3043 947 3124; x_wconf 85' lang='lat' dir='ltr'>Laquesriis</span> <span class='ocrx_word' id='word_1_266' title='bbox 964 3042 1124 3116; x_wconf 77' lang='lat' dir='ltr'>Romanis,</span> <span class='ocrx_word' id='word_1_267' title='bbox 1145 3059 1219 3100; x_wconf 84' lang='lat' dir='ltr'>ver-</span> 
     </span>
     <span class='ocr_line' id='line_1_33' title="bbox 104 3122 1219 3214; baseline -0.005 -25"><span class='ocrx_word' id='word_1_268' title='bbox 104 3129 154 3189; x_wconf 85' lang='lat' dir='ltr'>bis</span> <span class='ocrx_word' id='word_1_269' title='bbox 166 3127 261 3188; x_wconf 86' lang='lat' dir='ltr'>bisce.</span> <span class='ocrx_word' id='word_1_270' title='bbox 304 3127 541 3210; x_wconf 81' lang='lat' dir='ltr'>Loqueoriomm</span> <span class='ocrx_word' id='word_1_271' title='bbox 558 3150 660 3210; x_wconf 76' lang='lat' dir='ltr'>pugno</span> <span class='ocrx_word' id='word_1_272' title='bbox 675 3145 757 3207; x_wconf 87' lang='lat' dir='ltr'>eroe,</span> <span class='ocrx_word' id='word_1_273' title='bbox 768 3127 926 3214; x_wconf 70' lang='lat' dir='ltr'>flagitatus</span> <span class='ocrx_word' id='word_1_274' title='bbox 945 3122 1066 3188; x_wconf 82' lang='lat' dir='ltr'>inludo</span> <span class='ocrx_word' id='word_1_275' title='bbox 1086 3124 1219 3185; x_wconf 73' lang='lat' dir='ltr'>lomim</span> 
     </span>
     <span class='ocr_line' id='line_1_34' title="bbox 104 3205 1219 3296; baseline -0.004 -21"><span class='ocrx_word' id='word_1_276' title='bbox 104 3215 215 3295; x_wconf 79' lang='lat' dir='ltr'>injecto</span> <span class='ocrx_word' id='word_1_277' title='bbox 230 3209 337 3295; x_wconf 83' lang='lat' dir='ltr'>laqueo</span> <span class='ocrx_word' id='word_1_278' title='bbox 358 3209 528 3296; x_wconf 85' lang='lat' dir='ltr'>impeditos,</span> <span class='ocrx_word' id='word_1_279' title='bbox 552 3229 780 3295; x_wconf 82' lang='lat' dir='ltr'>consecutosque</span> <span class='ocrx_word' id='word_1_280' title='bbox 796 3225 966 3295; x_wconf 80' lang='lat' dir='ltr'>prostrare,</span> <span class='ocrx_word' id='word_1_281' title='bbox 988 3219 1043 3273; x_wconf 84' lang='lat' dir='ltr'>etc.</span> <span class='ocrx_word' id='word_1_282' title='bbox 1086 3205 1219 3282; x_wconf 79' lang='grc' dir='ltr'><strong><em>Ασάκος</em></strong></span> 
     </span>
     <span class='ocr_line' id='line_1_35' title="bbox 102 3292 1219 3380; baseline -0.008 -20"><span class='ocrx_word' id='word_1_283' title='bbox 102 3319 201 3374; x_wconf 83' lang='lat' dir='ltr'>vero,</span> <span class='ocrx_word' id='word_1_284' title='bbox 222 3297 287 3358; x_wconf 86' lang='lat' dir='ltr'>sive</span> <span class='ocrx_word' id='word_1_285' title='bbox 308 3292 428 3375; x_wconf 88' lang='grc' dir='ltr'><strong><em>σάκκος,</em></strong></span> <span class='ocrx_word' id='word_1_286' title='bbox 450 3297 485 3358; x_wconf 80' lang='lat' dir='ltr'>fit</span> <span class='ocrx_word' id='word_1_287' title='bbox 507 3292 661 3374; x_wconf 83' lang='grc' dir='ltr'><strong><em>σοκκεάω,</em></strong></span> <span class='ocrx_word' id='word_1_288' title='bbox 683 3296 841 3380; x_wconf 84' lang='lat' dir='ltr'>Illoqueo,</span> <span class='ocrx_word' id='word_1_289' title='bbox 861 3297 971 3376; x_wconf 85' lang='lat' dir='ltr'>laqueo</span> <span class='ocrx_word' id='word_1_290' title='bbox 990 3294 1142 3374; x_wconf 87' lang='lat' dir='ltr'>impedio,</span> <span class='ocrx_word' id='word_1_291' title='bbox 1163 3310 1219 3353; x_wconf 85' lang='lat' dir='ltr'>sea</span> 
     </span>
     <span class='ocr_line' id='line_1_36' title="bbox 100 3378 1219 3464; baseline -0.006 -20"><span class='ocrx_word' id='word_1_292' title='bbox 100 3383 242 3464; x_wconf 87' lang='lat' dir='ltr'>implico.</span> <span class='ocrx_word' id='word_1_293' title='bbox 292 3384 391 3462; x_wconf 77' lang='lat' dir='ltr'>Atque</span> <span class='ocrx_word' id='word_1_294' title='bbox 415 3382 488 3443; x_wconf 90' lang='lat' dir='ltr'>huic</span> <span class='ocrx_word' id='word_1_295' title='bbox 511 3384 653 3444; x_wconf 81' lang='lat' dir='ltr'>vocabuli</span> <span class='ocrx_word' id='word_1_296' title='bbox 678 3381 888 3462; x_wconf 81' lang='lat' dir='ltr'>significationi</span> <span class='ocrx_word' id='word_1_297' title='bbox 917 3379 1100 3462; x_wconf 81' lang='lat' dir='ltr'>astipulatur</span> <span class='ocrx_word' id='word_1_298' title='bbox 1118 3378 1219 3456; x_wconf 84' lang='lat' dir='ltr'>Hesy-</span> 
     </span>
     <span class='ocr_line' id='line_1_37' title="bbox 102 3458 1218 3554; baseline -0.004 -26"><span class='ocrx_word' id='word_1_299' title='bbox 102 3467 212 3544; x_wconf 84' lang='lat' dir='ltr'>chius,</span> <span class='ocrx_word' id='word_1_300' title='bbox 240 3467 295 3527; x_wconf 93' lang='lat' dir='ltr'>ubi</span> <span class='ocrx_word' id='word_1_301' title='bbox 323 3473 418 3554; x_wconf 76' lang='lat' dir='ltr'>ooxqi,</span> <span class='ocrx_word' id='word_1_302' title='bbox 445 3471 641 3550; x_wconf 84' lang='lat' dir='ltr'>interpretat,</span> <span class='ocrx_word' id='word_1_303' title='bbox 673 3469 819 3551; x_wconf 75' lang='grc' dir='ltr'><strong><em>βροχίζει,</em></strong></span> <span class='ocrx_word' id='word_1_304' title='bbox 852 3461 974 3546; x_wconf 79' lang='grc' dir='ltr'><strong><em>άχίιάει.</em></strong></span> <span class='ocrx_word' id='word_1_305' title='bbox 1006 3458 1117 3547; x_wconf 81' lang='grc' dir='ltr'><strong><em>βρόχος</em></strong></span> <span class='ocrx_word' id='word_1_306' title='bbox 1137 3463 1218 3524; x_wconf 85' lang='lat' dir='ltr'>euim</span> 
     </span>
     <span class='ocr_line' id='line_1_38' title="bbox 101 3547 1217 3636; baseline -0.006 -20"><span class='ocrx_word' id='word_1_307' title='bbox 101 3553 249 3636; x_wconf 84' lang='lat' dir='ltr'>Loquens</span> <span class='ocrx_word' id='word_1_308' title='bbox 267 3563 327 3630; x_wconf 89' lang='lat' dir='ltr'>est;</span> <span class='ocrx_word' id='word_1_309' title='bbox 359 3549 465 3634; x_wconf 70' lang='grc' dir='ltr'><strong><em>άχίειίς</em></strong></span> <span class='ocrx_word' id='word_1_310' title='bbox 486 3555 590 3632; x_wconf 85' lang='lat' dir='ltr'>otiam,</span> <span class='ocrx_word' id='word_1_311' title='bbox 616 3550 801 3631; x_wconf 82' lang='lat' dir='ltr'>Vinculum,</span> <span class='ocrx_word' id='word_1_312' title='bbox 829 3551 988 3632; x_wconf 64' lang='lat' dir='ltr'>ligamen</span> <span class='ocrx_word' id='word_1_313' title='bbox 1032 3547 1217 3628; x_wconf 81' lang='lat' dir='ltr'>Hesychius:</span> 
     </span>
     <span class='ocr_line' id='line_1_39' title="bbox 104 3634 1219 3721; baseline -0.006 -22"><span class='ocrx_word' id='word_1_314' title='bbox 104 3635 236 3718; x_wconf 76' lang='grc' dir='ltr'><strong><em>Οχίεάς·</em></strong></span> <span class='ocrx_word' id='word_1_315' title='bbox 259 3634 385 3720; x_wconf 76' lang='grc' dir='ltr'><strong><em>μοχίάς,</em></strong></span> <span class='ocrx_word' id='word_1_316' title='bbox 406 3635 547 3721; x_wconf 80' lang='grc' dir='ltr'><strong><em>στράφιξ,</em></strong></span> <span class='ocrx_word' id='word_1_317' title='bbox 571 3635 697 3720; x_wconf 70' lang='lat' dir='ltr'>‹isopo&#39;g²</span> <span class='ocrx_word' id='word_1_318' title='bbox 714 3647 769 3698; x_wconf 82' lang='lat' dir='ltr'>etc</span> <span class='ocrx_word' id='word_1_319' title='bbox 811 3637 903 3696; x_wconf 84' lang='lat' dir='ltr'>Forte</span> <span class='ocrx_word' id='word_1_320' title='bbox 923 3647 954 3696; x_wconf 88' lang='lat' dir='ltr'>et</span> <span class='ocrx_word' id='word_1_321' title='bbox 966 3635 1016 3695; x_wconf 88' lang='lat' dir='ltr'>his</span> <span class='ocrx_word' id='word_1_322' title='bbox 1031 3644 1158 3712; x_wconf 75' lang='lat' dir='ltr'>cognata</span> <span class='ocrx_word' id='word_1_323' title='bbox 1172 3642 1219 3693; x_wconf 87' lang='lat' dir='ltr'>aet</span> 
     </span>
     <span class='ocr_line' id='line_1_40' title="bbox 101 3720 1217 3805; baseline -0.004 -21"><span class='ocrx_word' id='word_1_324' title='bbox 101 3724 232 3784; x_wconf 86' lang='lat' dir='ltr'>Latino-</span> <span class='ocrx_word' id='word_1_325' title='bbox 240 3724 370 3784; x_wconf 88' lang='lat' dir='ltr'>barbara</span> <span class='ocrx_word' id='word_1_326' title='bbox 385 3743 449 3784; x_wconf 80' lang='lat' dir='ltr'>vox</span> <span class='ocrx_word' id='word_1_327' title='bbox 463 3723 541 3798; x_wconf 76' lang='lat' dir='ltr'>ista,</span> <span class='ocrx_word' id='word_1_328' title='bbox 562 3721 663 3805; x_wconf 85' lang='lat' dir='ltr'>Sogo,</span> <span class='ocrx_word' id='word_1_329' title='bbox 687 3744 765 3804; x_wconf 84' lang='lat' dir='ltr'>quas</span> <span class='ocrx_word' id='word_1_330' title='bbox 786 3721 880 3782; x_wconf 82' lang='lat' dir='ltr'>Funis</span> <span class='ocrx_word' id='word_1_331' title='bbox 901 3722 1074 3801; x_wconf 85' lang='lat' dir='ltr'>explicetur</span> <span class='ocrx_word' id='word_1_332' title='bbox 1092 3741 1109 3778; x_wconf 85' lang='lat' dir='ltr'>a</span> <span class='ocrx_word' id='word_1_333' title='bbox 1129 3720 1217 3780; x_wconf 86' lang='lat' dir='ltr'>Glos-</span> 
     </span>
     <span class='ocr_line' id='line_1_41' title="bbox 103 3800 1216 3950; baseline -0.005 -80"><span class='ocrx_word' id='word_1_334' title='bbox 103 3829 167 3872; x_wconf 84' lang='lat' dir='ltr'>sor.</span> <span class='ocrx_word' id='word_1_335' title='bbox 190 3811 279 3888; x_wconf 84' lang='lat' dir='ltr'>Legg.</span> <span class='ocrx_word' id='word_1_336' title='bbox 295 3809 486 3886; x_wconf 83' lang='lat' dir='ltr'>Longobard.</span> <span class='ocrx_word' id='word_1_337' title='bbox 502 3810 553 3872; x_wconf 90' lang='lat' dir='ltr'>lib.</span> <span class='ocrx_word' id='word_1_338' title='bbox 572 3815 601 3876; x_wconf 92' lang='lat'>1.</span> <span class='ocrx_word' id='word_1_339' title='bbox 622 3811 670 3870; x_wconf 88' lang='lat' dir='ltr'>tit.</span> <span class='ocrx_word' id='word_1_340' title='bbox 691 3809 747 3908; x_wconf 73' lang='lat'>²⁵:</span> <span class='ocrx_word' id='word_1_341' title='bbox 766 3809 823 3887; x_wconf 81' lang='lat' dir='ltr'>teg.</span> <span class='ocrx_word' id='word_1_342' title='bbox 837 3809 891 3873; x_wconf 80' lang='lat'>33.</span> <span class='ocrx_word' id='word_1_343' title='bbox 934 3806 1143 3950; x_wconf 52' lang='lat' dir='ltr'>&amp;priscoque</span> <span class='ocrx_word' id='word_1_344' title='bbox 1152 3800 1216 3886; x_wconf 79' lang='lat' dir='ltr'>fu—</span> 
     </span>
     <span class='ocr_line' id='line_1_42' title="bbox 102 3890 1220 4056; baseline -0.005 -17"><span class='ocrx_word' id='word_1_345' title='bbox 102 3894 298 4040; x_wconf 60' lang='lat' dir='ltr'>titii:</span> <span class='ocrx_word' id='word_1_346' title='bbox 311 3891 604 4040; x_wconf 56' lang='lat' dir='ltr'>iiiiil&#39;liil</span> <span class='ocrx_word' id='word_1_347' title='bbox 625 3890 1220 4056; x_wconf 60' lang='lat' dir='ltr'>‘ittidttttntttttt‘lt</span> 
     </span>
     <span class='ocr_line' id='line_1_43' title="bbox 101 4059 1219 4145; baseline -0.006 -20"><span class='ocrx_word' id='word_1_348' title='bbox 101 4065 178 4125; x_wconf 88' lang='lat' dir='ltr'>loco</span> <span class='ocrx_word' id='word_1_349' title='bbox 191 4062 265 4124; x_wconf 88' lang='lat' dir='ltr'>boio</span> <span class='ocrx_word' id='word_1_350' title='bbox 274 4064 415 4126; x_wconf 78' lang='lat' dir='ltr'>Auctoris</span> <span class='ocrx_word' id='word_1_351' title='bbox 427 4065 525 4124; x_wconf 86' lang='lat' dir='ltr'>nostri</span> <span class='ocrx_word' id='word_1_352' title='bbox 537 4064 651 4145; x_wconf 86' lang='lat' dir='ltr'>optime</span> <span class='ocrx_word' id='word_1_353' title='bbox 666 4067 823 4125; x_wconf 74' lang='lat' dir='ltr'>convenite</span> <span class='ocrx_word' id='word_1_354' title='bbox 838 4073 875 4123; x_wconf 93' lang='lat' dir='ltr'>ut</span> <span class='ocrx_word' id='word_1_355' title='bbox 886 4071 918 4123; x_wconf 88' lang='lat' dir='ltr'>et</span> <span class='ocrx_word' id='word_1_356' title='bbox 927 4062 1015 4122; x_wconf 85' lang='lat' dir='ltr'>alteri</span> <span class='ocrx_word' id='word_1_357' title='bbox 1029 4060 1085 4136; x_wconf 89' lang='lat' dir='ltr'>illi,</span> <span class='ocrx_word' id='word_1_358' title='bbox 1101 4059 1154 4120; x_wconf 90' lang='lat' dir='ltr'>lib.</span> <span class='ocrx_word' id='word_1_359' title='bbox 1162 4063 1219 4126; x_wconf 35' lang='lat'>*18.</span> 
     </span>
     <span class='ocr_line' id='line_1_44' title="bbox 102 4137 1218 4230; baseline -0.001 -23"><span class='ocrx_word' id='word_1_360' title='bbox 102 4167 177 4230; x_wconf 85' lang='lat' dir='ltr'>pag.</span> <span class='ocrx_word' id='word_1_361' title='bbox 189 4147 263 4215; x_wconf 78' lang='lat'><strong>435.</strong></span> <span class='ocrx_word' id='word_1_362' title='bbox 285 4150 338 4210; x_wconf 90' lang='lat' dir='ltr'>ubi</span> <span class='ocrx_word' id='word_1_363' title='bbox 353 4149 430 4210; x_wconf 86' lang='lat' dir='ltr'>haec</span> <span class='ocrx_word' id='word_1_364' title='bbox 445 4148 608 4211; x_wconf 79' lang='lat' dir='ltr'>habemus:</span> <span class='ocrx_word' id='word_1_365' title='bbox 628 4149 681 4212; x_wconf 84' lang='grc' dir='ltr'><strong><em>καί</em></strong></span> <span class='ocrx_word' id='word_1_366' title='bbox 692 4142 930 4224; x_wconf 74' lang='grc' dir='ltr'><strong><em>κακαάιοίξαντες</em></strong></span> <span class='ocrx_word' id='word_1_367' title='bbox 942 4147 976 4210; x_wconf 88' lang='lat' dir='ltr'>ol</span> <span class='ocrx_word' id='word_1_368' title='bbox 985 4137 1110 4222; x_wconf 79' lang='grc' dir='ltr'><strong><em>Οάννοι,</em></strong></span> <span class='ocrx_word' id='word_1_369' title='bbox 1133 4137 1218 4207; x_wconf 82' lang='grc' dir='ltr'><strong><em>ίσάιι·</em></strong></span> 
     </span>
     <span class='ocr_line' id='line_1_45' title="bbox 104 4227 1217 4318; baseline -0.004 -21"><span class='ocrx_word' id='word_1_370' title='bbox 104 4252 220 4298; x_wconf 86' lang='grc' dir='ltr'><strong><em>κενσαν</em></strong></span> <span class='ocrx_word' id='word_1_371' title='bbox 247 4229 417 4316; x_wconf 78' lang='grc' dir='ltr'><strong><em>φεύγοντας</em></strong></span> <span class='ocrx_word' id='word_1_372' title='bbox 436 4232 508 4309; x_wconf 73' lang='lat' dir='ltr'>eosic</span> <span class='ocrx_word' id='word_1_373' title='bbox 530 4230 674 4318; x_wconf 71' lang='grc' dir='ltr'><strong><em>ἐξάρχους</em></strong></span> <span class='ocrx_word' id='word_1_374' title='bbox 697 4234 862 4315; x_wconf 77' lang='grc' dir='ltr'><strong><em>Ρωμαίων·</em></strong></span> <span class='ocrx_word' id='word_1_375' title='bbox 890 4233 945 4297; x_wconf 80' lang='grc' dir='ltr'><strong><em>καὶ</em></strong></span> <span class='ocrx_word' id='word_1_376' title='bbox 967 4230 987 4297; x_wconf 84' lang='grc' dir='ltr'><strong><em>ά</em></strong></span> <span class='ocrx_word' id='word_1_377' title='bbox 1007 4227 1063 4312; x_wconf 76' lang='grc' dir='ltr'><strong><em>μάν</em></strong></span> <span class='ocrx_word' id='word_1_378' title='bbox 1079 4231 1217 4305; x_wconf 67' lang='lat' dir='ltr'>rodoldo,</span> 
     </span>
     <span class='ocr_line' id='line_1_46' title="bbox 105 4309 1217 4403; baseline -0.009 -19"><span class='ocrx_word' id='word_1_379' title='bbox 105 4314 288 4398; x_wconf 80' lang='grc' dir='ltr'><strong><em>άνοοσοιάσας</em></strong></span> <span class='ocrx_word' id='word_1_380' title='bbox 303 4315 338 4387; x_wconf 82' lang='grc' dir='ltr'><strong><em>τά</em></strong></span> <span class='ocrx_word' id='word_1_381' title='bbox 353 4320 433 4388; x_wconf 81' lang='grc' dir='ltr'><strong><em>ίάιον</em></strong></span> <span class='ocrx_word' id='word_1_382' title='bbox 447 4321 553 4403; x_wconf 84' lang='grc' dir='ltr'><strong><em>ξίφος,</em></strong></span> <span class='ocrx_word' id='word_1_383' title='bbox 577 4320 669 4402; x_wconf 79' lang='grc' dir='ltr'><strong><em>ἔκοψε</em></strong></span> <span class='ocrx_word' id='word_1_384' title='bbox 684 4317 740 4392; x_wconf 79' lang='grc' dir='ltr'><strong><em>τάν</em></strong></span> <span class='ocrx_word' id='word_1_385' title='bbox 752 4315 865 4396; x_wconf 80' lang='grc' dir='ltr'><strong><em>σάκον,</em></strong></span> <span class='ocrx_word' id='word_1_386' title='bbox 885 4318 941 4382; x_wconf 78' lang='grc' dir='ltr'><strong><em>καί</em></strong></span> <span class='ocrx_word' id='word_1_387' title='bbox 957 4317 1117 4398; x_wconf 77' lang='grc' dir='ltr'><strong><em>ίξείίησιν.</em></strong></span> <span class='ocrx_word' id='word_1_388' title='bbox 1155 4309 1217 4375; x_wconf 86' lang='lat' dir='ltr'>Hs·</span> 
     </span>
    </p>
   </div>
   <div class='ocr_carea' id='block_1_3' title="bbox 0 0 1483 4817">
    <p class='ocr_par' dir='ltr' id='par_1_4' title="bbox 0 0 1483 4817">
     <span class='ocr_line' id='line_1_47' title="bbox 0 0 1483 4817; baseline 0 0"><span class='ocrx_word' id='word_1_389' title='bbox 0 0 1483 4817; x_wconf 95' lang='lat' dir='ltr'> </span> 
     </span>
    </p>
   </div>
  </div>
 </body>
</html>
