2950 4817
576 300 802 374 EPISTOLA.
1165 305 1240 380 705

128 468 300 585 δκλώρισοκ,
321 477 446 541 averba
460 476 618 562 lnpitmst'
602 500 672 554 ονος
685 477 856 540 mehercule
868 475 947 561 προς
960 474 1067 562 loiron
1111 474 1240 539 Tantum

129 563 209 623 euim
223 586 257 625 ιο
248 560 432 644 ἕκλνρλζειν
447 577 479 626 et
495 562 699 630 τδκαλώπτειν
712 565 926 643 significatione
939 566 1091 641 differunt,

297 650 451 722 Quantum
471 651 608 731 Hypanis
621 650 734 709 Veneto
754 650 846 711 distat
860 650 895 709 ab
913 651 1052 712 Eridano.

128 731 199 791 Alta
211 732 350 811 proiecto
364 736 439 797 latet
450 737 538 797 ulcus
559 744 669 795 tetrum
685 745 716 795 et
726 734 984 816 κακοηθέστατον·
1007 735 1135 815 quod'
1104 756 1161 795 nur
1153 736 1241 797 lau-

128 818 227 876 cineta
251 820 336 899 prius
358 818 504 901 Hesychii
522 820 758 897 existimatione,
779 830 869 899 negat
888 822 927 881 ad
941 820 1094 880 sanitatem
1112 823 1241 923 perduci

125 922 227 981 posse.
257 904 424 1004 Siquidem
444 904 647 966 erubescendo
665 924 791 986 prorsus
813 926 916 967 errore
937 906 1040 986 posuit
1053 901 1240 1008 λλιιλώιηισον

123 1008 185 1064 pro
199 981 397 1065 Ελώτροισον·
434 991 531 1091 qupd'
532 991 698 1050 rectissime
715 991 835 1069 quidem
856 991 1064 1093 interpreteris
1085 985 1238 1069 κάλυψον

123 1071 195 1151 Ipsa
208 1072 393 1182 Hesychirtp·
415 1069 565 1155 Ελώτροις
586 1080 873 1151 ΚΑΛΥΜΜΑΣῙ,
903 1070 1120 1157 σκεπάσμασιν.
1157 1082 1238 1138 Ελυ-

122 1180 183 1257 epp
205 1161 319 1237 κυρίως
341 1184 379 1220 τοι
372 1155 618 1240 ἔνειλήματαῆ
640 1164 932 1224 KAAYMMATA.
968 1165 1116 1241 Ελντρον,
1135 1158 1238 1241 δέρμα,
1347 1210 1351 1222 .

123 1235 230 1321 θήκη,
251 1242 400 1321 λέπαρον,
420 1244 583 1324 ἐνείλημα,
608 1249 850 1321 ΚΑΛΥΜΜΑ,
874 1244 1036 1325 σκέπασμα.
1079 1244 1153 1305 lude
1174 1246 1241 1308 ἐλυ-

121 1331 264 1406 comodat
283 1330 366 1407 apud
389 1330 624 1409 Hippocratem,
656 1338 687 1390 et
702 1334 926 1410 προσελυτροῦν
940 1330 1022 1410 apud
1044 1328 1238 1407 Athenaeum,

121 1411 351 1472 involumenta
333 1433 417 1491 geere
439 1416 577 1475 similiter
591 1413 801 1515 ἐξελυτηιδσμι,
823 1414 953 1490 nudare,
975 1434 1014 1474 ex
1029 1413 1239 1492 integumentis

121 1497 254 1558 solvero.
298 1498 427 1577 Hesych
444 1494 675 1605 Εξελώτρωσας,
706 1494 889 1578 ἒγιλμνοεσνς.
931 1500 1026 1559 Satin'
1044 1498 1105 1561 hoc
1124 1510 1240 1560 certum

121 1590 156 1639 ct
166 1582 361 1661 exploratum
375 1594 434 1656 est
456 1607 481 1643 ro
470 1575 573 1662 φίλη
587 1579 706 1661 κεφαλη
722 1584 795 1642 Milli
808 1583 1048 1664 jucundissime?
1091 1583 1239 1645 Ateuim·

121 1684 200 1724 vero
223 1666 369 1725 exclamet
389 1666 441 1724 hic
460 1668 589 1747 aliquis,
619 1669 646 1724 0
663 1668 809 1727 lucenam
836 1668 1032 1727 confidentem
1057 1678 1086 1728 et
1106 1680 1239 1728 temera-

121 1750 219 1812 rium!
248 1761 323 1811 tuna
347 1752 430 1810 illum
445 1749 645 1831 Hesychinm,
668 1750 876 1811 doctissimum
895 1753 1164 1812 Grammaticorum
1177 1754 1241 1814 tta-

121 1833 265 1913 sychium
280 1844 380 1895 tantae
399 1834 538 1901 inscitiae,
550 1836 668 1894 affinem
688 1856 751 1895 esse
767 1838 914 1915 auspicari
934 1838 1023 1913 ausis,
1046 1846 1080 1897 ut
1094 1832 1241 1919 Εκλδιρι-

121 1938 182 1981 σον
198 1920 360 1995 scriberet,
393 1921 598 1981 uisi‘'varbum
617 1920 696 1980 illud
717 1922 828 1981 alicubi
849 1922 987 1998 legisset,
1016 1922 1097 2001 apud
1119 1932 1240 1984 autores

120 2006 204 2063 forte
217 2007 302 2083 'quoa
324 2005 412 2083 longa
432 2004 497 2064 dies
509 2017 540 2065 et
553 2007 643 2064 nimis
662 2015 799 2065 vetustas
819 2006 1035 2067 subtraxerunt
1049 2007 1171 2067 notitiae
1184 2028 1240 2067 no-

119 2087 231 2149 strae?
274 2090 360 2169 ljam
376 2099 406 2148 et
426 2091 556 2151 frontem
569 2110 644 2168 nega
658 2090 696 2149 de
716 2091 806 2150 rebus
822 2092 953 2169 periisse.
996 2092 1117 2153 Placide
1138 2102 1238 2152 tauron

121 2175 247 2247 amabo,
269 2175 295 2232 0
311 2174 448 2253 quisquis
464 2196 508 2235 esa
530 2186 562 2236 et
575 2174 706 2255 reprime
718 2184 749 2234 te
766 2176 926 2256 tantisper,
950 2176 1022 2235 dum
1038 2178 1095 2236 alia
1110 2179 1241 2236 nonnul·

120 2260 156 2319 la
172 2260 310 2338 protero,
334 2278 410 2337 quae
431 2271 462 2319 te
479 2278 599 2340 quoque
620 2261 719 2339 ipsum
741 2262 818 2321 velia
841 2262 918 2320 nolis
937 2262 968 2320 in
990 2262 1164 2322 sententiam
1187 2284 1240 2321 no-

122 2355 219 2414 stram
233 2354 342 2421 cogent
355 2346 492 2404 transire.
536 2346 614 2405 Dum
631 2346 709 2404 enim
725 2366 762 2404 ex
778 2347 909 2425 antiquie
925 2344 1110 2423 Scholiastia,
1134 2348 1239 2406 Gram.

120 2428 259 2501 maticis,
281 2429 415 2504 Lexicis,
439 2450 515 2509 quae
536 2451 599 2489 non
621 2430 860 2489 contexebantur
878 2428 954 2491 κοτδ
977 2438 1133 2511 στοιχεῖον,
1158 2434 1240 2492 omni
1258 2446 1283 2500 0
1299 2448 1334 2504 35

122 2535 167 2575 cx
182 2524 267 2593 parte
288 2515 437 2574 vocabula
451 2515 600 2588 corradit,
622 2516 732 2595 quibua
752 2513 830 2575 hanc
846 2535 928 2574 auam
946 2512 1136 2613 ἱλνναγοιγην
1149 2518 1239 2577 locu-

121 2600 222 2680 pletet
240 2608 270 2657 et
282 2600 438 2659 reiecerat
472 2620 562 2679 saepe
574 2620 633 2662 usu
645 2602 730 2659 vemt
744 2610 778 2659 ut
794 2600 854 2659 ab
845 2600 993 2679 imperitia
1008 2601 1153 2677 librariis,
1185 2604 1239 2681 qui

121 2704 237 2785 parum
252 2694 394 2743 accurate
412 2685 611 2782 scripserant,
632 2686 720 2744 vela
743 2686 789 2743 sui
816 2686 961 2745 similibus
986 2680 1239 2768 Ονοματοθήραις

121 2773 161 2829 in
177 2789 308 2829 errorem
329 2769 472 2829 inductus
488 2770 543 2830 ait·
574 2788 711 2851 quaeque
730 2789 878 2849 nusquam
895 2770 1024 2847 gentium
1038 2772 1087 2830 vel
1101 2772 1175 2830 lecta
1190 2772 1239 2831 vel

123 2854 232 2914 audita
243 2864 322 2929 aunt
343 2854 507 2914 lectoribus
521 2875 585 2917 suu
597 2854 751 2913 obtrudat
794 2854 913 2914 tttud·
889 2877 930 2914 ua
943 2855 1024 2918 vade
1068 2850 1239 2939 †Aeladai.·

123 2963 187 3018 νη,
207 2938 365 3018 ομνλαιος
379 2934 479 3019 ἰχθυς
523 2942 585 2999 Suo
601 2940 670 2998 loco
684 2938 745 2997 hoc
764 2940 869 3017 leges
860 2962 890 2999 ιιι
906 2942 991 2999 litera
1006 2946 1042 3002 A.
1086 2942 1148 3019 Ego
1164 2962 1237 3001 vero

123 3044 224 3101 nugas
245 3023 300 3083 has
310 3046 373 3083 esse
389 3045 487 3084 meras
499 3025 555 3084 tibi
569 3024 735 3084 denuncio:
759 3026 903 3105 scriptum
920 3027 997 3083 enim
1013 3027 1149 3101 oportuit
1164 3031 1238 3088 Ele-

122 3106 228 3187 δώνη,
250 3102 384 3185 δσμώλος
405 3104 504 3189 ἰχθύς.
550 3110 643 3169 Piscis
662 3119 708 3169 eat
725 3108 764 3169 de
786 3109 974 3189 polypodum
994 3130 1117 3188 genere,
1149 3129 1238 3212 quent
1275 3126 1277 3133 ·

123 3194 494 3271 memorantAriatoteles,
518 3194 698 3269 Athenaeus,
721 3194 782 3255 alii.
825 3195 909 3254 ldem
930 3194 1112 3273 lleaychius:
1136 3190 1239 3271 Ocuri-

122 3285 180 3341 λια
193 3284 254 3341 coir
268 3274 450 3342 πολυπόδων
466 3305 499 3341 αι
490 3276 628 3354 οζαιναι
648 3274 825 3379 λεγόμεναι,
853 3279 905 3341 καλ
930 3274 1053 3356 ἰχθοδια
1071 3273 1145 3340 ποιὰ
1166 3301 1239 3339 aare

124 3356 246 3445 saivalai
288 3360 426 3443 Οσμώλαι
439 3366 608 3445 βολβιτῖναι
629 3358 803 3427 θαλάσσιοι.
846 3366 894 3421 ste
920 3362 1096 3422 emendandi
1115 3373 1187 3422 aunt
1206 3362 1259 3421 hi‘

123 3450 200 3509 loci.
246 3448 357 3510 Videor
376 3460 475 3509 autem
494 3449 567 3508 milri
587 3449 709 3526 videre,
736 3448 810 3527 quid
837 3448 996 3507 errationis
1020 3468 1122 3506 ansarn
1143 3427 1239 3526 Hesy-

125 3533 201 3595 chio
213 3533 340 3597 dederit.
383 3534 555 3594 Nimirum
545 3556 577 3593 ru
593 3546 697 3594 autore
713 3554 769 3592 auo
785 3532 929 3631 scriptum
946 3542 1009 3592 erat
1022 3529 1092 3611 ηδ’
1108 3528 1238 3611 ἑλεδώνη

125 3620 179 3679 vel
192 3615 330 3699 μιαραδ
352 3614 485 3700 ἑλεδώνη
507 3620 557 3678 vel
580 3621 675 3678 simile
697 3618 869 3697 quippiam.
891 3618 943 3676 ille
965 3617 1071 3686 miser,
1093 3636 1162 3677 cum
1183 3638 1237 3676 sua

128 3715 228 3766 aetate
251 3705 321 3763 libri
345 3716 481 3764 carerent
501 3705 592 3782 siguis
613 3713 771 3777 accentus,
791 3698 958 3800 δελεδώνην
980 3702 1092 3782 piscem
1116 3702 1240 3777 effinxit,

128 3790 250 3870 qualem
265 3810 361 3869 nequa
377 3793 510 3865 Nereus,
534 3809 631 3867 nequa
643 3790 821 3867 Neptunus,
842 3808 900 3847 nec
919 3788 983 3867 ipae
1002 3796 1088 3868 pater
1102 3787 1240 3846 Oceanus

129 3876 298 3953 agnoverit
341 3878 420 3935 Ecce
435 3874 519 3934 aliud
531 3874 603 3933 huic
617 3874 764 3951 geminum
781 3884 811 3933 et
827 3893 1009 3969 germanum.
1052 3866 1215 3971 ῨΘολκοὶζ
1214 3892 1241 3931 ει

128 3965 336 4041 χαλιναγωμεῖ.
377 3962 472 4019 Nemo
495 3969 531 4021 ut
549 3959 660 4058 opinor
681 3958 795 4017 inficias
816 3959 918 4031 iverit,
942 3958 1016 4058 quin
1036 3957 1239 4057 itaacn'ptum

129 4046 234 4120 suerit,
250 4045 364 4123 absque
378 4056 477 4104 tamen
492 4046 572 4102 notis
587 4054 744 4103 accentus:
769 4037 929 4116 Iunovcb’
942 4036 1070 4117 alacritas,
1085 4042 1134 4101 rel
1150 4034 1242 4116 Νῆᾶς

129 4090 310 4203 θ’δλκώζεκ
338 4130 422 4231 lpse
437 4129 623 4208 Hesychius.
647 4125 785 4205 Ολκάζει,
808 4126 898 4203 ἕλκει,
920 4132 1121 4226 ηαλιναγωγεῖ
1161 4124 1241 4183 lllud

131 4224 233 4275 autem
245 4209 389 4289 θολκώζει
403 4214 477 4274 cedo
495 4236 664 4318 quenquam
688 4213 860 4274 mortalium
881 4214 934 4291 qui
955 4213 1067 4289 legerit
1105 4206 1242 4286 †Evde·

129 4294 279 4376 κώτενσα,
299 4293 392 4379 κηνδε
403 4294 525 4383 κώπην
521 4294 715 4385 δκαρξᾶμην.
757 4300 851 4360 Recta
869 4297 946 4357 serie
961 4295 1022 4356 hoc
1035 4294 1182 4375 scriptum
1194 4294 1241 4353 oi·

175 4393 288 4447 lomnes
311 4392 440 4448 Matutae.
991 4379 1033 4450 45
