2950 4817
561 273 789 345 EPISTOLA.
921 328 924 335 .
1153 283 1228 357 713

112 468 292 529 qumquem
306 447 434 531 poetlsec
448 470 488 511 ns
498 450 602 532 jurato
615 450 737 531 quidem
753 448 884 515 credere.
924 451 1058 515 Tandem
1066 450 1159 531 igitur
1173 452 1230 513 sli-

112 537 242 612 qusndo
262 537 315 597 lits
334 535 392 595 hac
414 538 592 617 composite,
616 536 796 615 quantulum
823 545 980 599 esttamen
997 538 1080 619 quod
1095 538 1231 618 proieci-

109 640 203 695 mus,
224 625 251 681 si
262 622 389 684 loannes
400 620 467 701 ipse
481 624 643 699 pugnantia
659 622 826 701 loquatur?
868 622 934 681 Non
949 625 1027 683 enim
1044 623 1106 705 jem
1121 624 1159 683 ab
1174 624 1231 683 llio

113 715 210 785 cepto
237 706 354 786 primus
374 707 546 767 mortalium
567 707 688 767 Themis
711 706 847 770 drnmstn
873 707 961 767 lecit:
996 709 1141 787 siquidem
1163 718 1273 774 anteo
1291 717 1327 775 45

111 790 208 849 istem
226 796 402 852 memoriam
419 792 553 870 Aegypti
564 814 622 853 rex
634 792 766 867 Phorco,
790 792 842 851 nbi
856 814 873 851 s
887 794 1015 871 negotiis
1029 803 1058 852 et
1073 794 1168 854 turbis
1183 817 1232 855 re-
1251 807 1327 861 v24

112 876 272 952 quiescere
285 878 421 952 volebat,
442 879 551 937 solitus
574 888 620 939 est
634 877 805 938 comoedias
821 878 1002 958 scriptitare.
1046 879 1145 940 Verbo
1161 889 1232 941 sunt

111 960 287 1040 locunisp
301 968 351 1029 76.
379 921 449 1025 Teio
467 960 500 1025 di
521 964 695 1043 Αἰγυπτίων
715 962 887 1043 ἐβασίίευσε
910 959 1154 1037 florentine
1136 989 1153 1027 o
1173 988 1232 1027 nn-

111 1042 220 1130 μφδός
237 1040 363 1129 Φαραώ
407 1048 489 1121 Quid
502 1048 606 1107 rides‘l
630 1047 722 1145 Quqsi
735 1068 808 1109 vero
822 1068 937 1109 novum
952 1069 1035 1109 nunc
1050 1050 1230 1127 proferetur,

109 1132 227 1209 Regem
249 1132 290 1191 sd
311 1132 429 1193 sabulos
449 1133 624 1193 scribendae
646 1134 778 1193 animum
802 1132 963 1213 appulisse.
1007 1136 1103 1195 Etiam
1119 1136 1232 1214 Diony-

111 1216 180 1275 sins
199 1218 358 1295 Tyrannus
378 1228 466 1296 poeta
484 1220 544 1279 snit
564 1219 710 1297 tragicus,
732 1229 762 1279 et
785 1216 913 1295 Augusti
928 1218 1040 1299 Ajex
1030 1241 1063 1279 ru
1077 1221 1231 1300 spongiam

108 1301 265 1363 incubuit
308 1302 504 1381 Quanquam,
524 1326 549 1363 st
542 1304 722 1364 emendate
743 1304 829 1381 loqui
846 1304 975 1363 velimus
983 1303 1155 1404 ,κωμῳδὸς
1170 1327 1231 1368 non

110 1388 249 1447 comicus
268 1398 329 1463 est,
356 1388 409 1447 sed
423 1388 595 1449 comoediae
615 1400 710 1451 actor.
753 1388 973 1449 Histrioniam
965 1391 1056 1467 igitur
1069 1391 1142 1450 secit
1154 1390 1230 1449 Plis-

109 1491 191 1547 rao;
225 1432 402 1544 lhrashnis,
432 1476 557 1553 opinor,
578 1474 627 1533 vel
647 1472 888 1555 Pyrgopolinicis
916 1484 1017 1555 partes
1049 1495 1157 1554 rgens3
1196 1485 1231 1535 ut

108 1555 195 1626 ¹Nero
209 1566 312 1634 postea
334 1558 501 1638 Oedipodis
516 1559 566 1617 vel
581 1558 727 1618 Creontis.
773 1558 885 1618 Verum
908 1560 1007 1618 haec
997 1560 1093 1639 ipsius
1105 1560 1230 1621 Mulelae

109 1640 272 1701 stultitiam
292 1654 452 1722 supernnt;
469 1654 510 1724 'ut
529 1662 561 1702 ea
580 1646 632 1721 qui
649 1642 775 1719 dixerit,
798 1663 858 1701 non
874 1664 931 1723 pro
954 1642 1075 1705 homine
1090 1666 1163 1704 sano
1180 1644 1228 1702 lo-

109 1726 184 1803 qui,
207 1728 259 1786 sed
279 1727 319 1785 ed
340 1738 463 1805 ageratos
487 1738 518 1787 et
531 1728 657 1805 gentiles
669 1726 864 1787 deducendus
887 1748 950 1787 esse
965 1728 1115 1789 videatur.
1158 1731 1229 1791 Sino

107 1810 208 1869 dubio
223 1813 331 1870 vitium
347 1822 393 1871 est
404 1813 599 1891 exemplaris,
624 1834 684 1890 qno
698 1824 799 1871 tumen
811 1811 900 1871 modo
914 1814 1079 1875 tollendum
1097 1814 1153 1888 sit
1174 1814 1228 1873 mi-

106 1893 236 1955 nusid'
239 1916 363 1977 possum
387 1897 561 1998 conjectura
580 1900 708 1976 assequi
754 1896 877 1999 (ὶσίἀμί
900 1898 1052 1976 legemus,
1076 1862 1228 1961 Hmioeoi-
1277 1934 1280 1941 ⁴

107 2004 189 2061 γιος,
212 2006 285 2067 osp
272 1986 414 2045 Μωσεῖ
426 1977 557 2062 Φαραώ
580 1980 772 2057 Ριιίσνοηίυν,
795 1984 848 2065 qni
861 2003 881 2039 o
897 1946 1227 2045 MosePlinrnovocn-

107 2063 189 2127 tur?
220 2046 272 2124 si
268 2077 360 2147 caput
373 2068 479 2127 scaber
480 2087 526 2125 em
540 2068 668 2127 fortasse
685 2066 769 2125 eliud
781 2067 887 2126 melius
901 2088 1019 2147 possem
1034 2069 1225 2149 exsculpere.

106 2148 168 2207 sed
187 2148 332 2249 indignus
351 2154 556 2227 cotteanum,
589 2152 674 2234 cujus
697 2171 789 2210 cause
813 2156 1007 2212 commentari
1026 2154 1117 2213 velim
1138 2152 1226 2251 quid.

108 2254 214 2313 quem,
237 2237 334 2296 nisisi
354 2238 426 2318 quid
441 2258 480 2297 ex
495 2197 576 2296 lucili
593 2246 743 2296 nascatur.
778 2236 929 2316 linquent
946 2238 982 2297 ed
996 2236 1144 2297 Themin
1135 2247 1227 2299 istum

106 2340 239 2399 proprus
254 2322 440 2383 accedamus
476 2324 588 2383 Eadem
604 2344 672 2381 cnm
688 2320 884 2381 Antiochensr
900 2334 1013 2401 nemnt
1034 2324 1106 2381 etin
1120 2322 1227 2383 eodem

107 2404 221 2465 doctus
243 2418 288 2466 est
307 2408 383 2467 ludo
408 2406 591 2468 Scholinsres
610 2423 690 2467 uetes
705 2406 806 2466 nescio
828 2407 897 2485 quis
917 2408 998 2512 qpud
1012 2408 1201 2467 Stenleium'
1192 2428 1225 2467 ru

106 2490 176 2549 vitu
189 2490 345 2595 Aeschyli:
378 2496 427 2555 Εν
447 2498 510 2565 τοῖς
524 2487 642 2575 χρόνοις
667 2490 799 2598 Ορέστου
815 2489 1001 2601 ἕθαυμιίζετμ
1016 2516 1078 2573 παρ
1083 2486 1226 2595 Ἐλίησν

109 2571 280 2657 Θεόμις,“
262 2602 296 2650 ος
308 2580 428 2660 πρῶτος
445 2576 546 2684 ἕξεῦμε
559 2574 746 2683 cqnyqsdme'r
764 2578 928 2662 μελῳδίας,
950 2602 1002 2640 και
991 2576 1132 2652 ἐξέθετο
1144 2600 1224 2683 qepu-

106 2683 164 2734 τος
186 2656 332 2767 δράματα.
376 2662 439 2724 Καὶ
460 2658 528 2742 μετ’
551 2657 644 2724 osirin
667 2665 794 2741 Μίνως,
817 2640 869 2724 nel
889 2684 961 2743 μετα
953 2660 1092 2725 Μίνωα
1105 2657 1224 2736 Ανίίας

106 2742 221 2825 χορσνίς
240 2743 403 2830 τραγικοῦς
423 2741 635 2825 συνεστήσατο.
687 2746 771 2807 Haec
796 2746 889 2808 habet
910 2747 1098 2807 doctissimus
1119 2756 1223 2815 noster

107 2832 260 2891 stanleius
280 2854 319 2892 ex
334 2832 506 2909 Bullengeri
525 2831 666 2891 Theatro.
709 2832 746 2889 Et
766 2840 867 2892 temen
890 2844 994 2893 neuter
1012 2832 1049 2892 ds
1067 2832 1223 2907 Themide,

107 2915 151 2975 de
166 2916 266 2977 Minoe
285 2918 335 2978 vel
355 2918 465 2994 Aulea,
487 2918 570 2997 quod
592 2937 683 2997 quem
698 2916 923 2995 diligentissime
938 2918 1052 2977 factum
1075 2921 1221 2999 oportuit,

107 3001 253 3063 certiores
266 3024 323 3063 nos
341 3003 421 3063 lacit.
467 3000 680 3066 Concurrent
669 3022 731 3081 μιν
745 3022 865 3080 omnes,
888 3012 1035 3084 quantum
1050 3012 1095 3065 est
1108 3006 1223 3085 βιβλιο-

106 3081 234 3165 τᾶφννν,
255 3089 494 3167 etcopiteintcr
514 3089 731 3149 seconlerent·
752 3108 906 3187 nunquam
922 3088 1148 3169 compedient,
1169 3110 1222 3149 ne-

109 3192 171 3248 que
193 3172 357 3251 quidquem
378 3174 417 3233 de
438 3174 611 3272 tergeminis
634 3172 719 3231 hisce
741 3174 862 3251 tragicis
886 3173 1059 3233 resciscent.
1113 3174 1224 3233 Narrat

108 3258 250 3319 Clemens
265 3256 471 3339 Στρσνματέων
494 3261 594 3339 priano
615 3254 650 3319 sd
670 3257 779 3339 ἡρωον
798 3254 832 3322 ni
851 3252 1013 3363 ἑξάμετρον
1033 3256 1127 3337 Θέμιν
1148 3259 1223 3338 μίαν

106 3346 173 3405 veie
190 3344 356 3407 Τντανίὸων
373 3342 546 3422 εὑρηκέναι,
566 3343 697 3403 Minoem
711 3352 812 3403 sutem
826 3339 899 3417 τούς
912 3336 1044 3422 νόμους·
1072 3343 1127 3403 sed
1138 3342 1223 3421 quod

109 3428 307 3507 adpraesens
319 3431 475 3527 negotium
490 3430 613 3503 attinet,
645 3447 776 3487 vacuum
797 3449 814 3487 s
837 3448 869 3487 se
890 3429 1032 3488 lectorem
1048 3438 1078 3489 et
1089 3427 1224 3488 hiantem

108 3514 242 3573 dhnittit.
287 3514 369 3588 Quid
390 3516 468 3573 enim
488 3510 579 3593 νόμον
597 3478 706 3573 ilionis
721 3512 759 3573 ad
775 3534 881 3573 nomos
897 3508 1049 3573 musicos?
1084 3512 1123 3575 Τί
1145 3509 1224 3593 πρός

107 3595 164 3661 τὸν
184 3592 352 3675 Asinooov3
373 3620 470 3677 neque
485 3599 623 3658 Heroes
614 3620 647 3657 rn
659 3598 835 3676 lragoedns
847 3597 957 3657 heroos
972 3597 1161 3658 hexametros
1177 3598 1224 3657 di·
1241 3606 1319 3665 046

109 3684 227 3747 cebant.
270 3648 377 3763 ltsqirs
394 3694 539 3763 questum
554 3683 660 3759 rideo,
667 3694 831 3783 perpetua
840 3683 903 3765 jam
917 3683 1035 3743 Criticis
1048 3683 1222 3744 sollicitudo

108 3778 141 3829 et
158 3767 243 3849 qussi
267 3790 345 3829 crux
366 3770 530 3829 constituta
550 3780 613 3829 est:
642 3769 701 3829 nist
693 3768 890 3831 Callimachi
906 3771 1046 3845 Πίνακνς
1061 3778 1091 3828 et
1106 3770 1224 3829 Aristo-

107 3854 215 3933 phanis
238 3854 434 3915 Crsmmstici
457 3854 711 3914 Commentarium
732 3856 820 3933 longa
841 3864 930 3915 nocte
949 3856 1085 3933 sepultos
1101 3865 1238 3935 prona-¹

107 3936 180 3999 here
194 3952 323 4021 possunt
337 3941 367 3999 in
385 3942 492 4002 lacon.
536 3940 647 3999 Verum
666 3938 827 3999 heusvos!
860 3940 977 4019 Ecquid
995 3941 1053 3999 erit
1066 3941 1173 4021 pretii,
1198 3940 1224 3999 si

107 4024 222 4085 nodum
237 4024 320 4085 hunc
331 4026 475 4086 solvero?
499 4025 583 4105 quod
598 4024 720 4103 quidem
735 4044 770 4084 en
790 4026 854 4105 legs
868 4034 898 4085 et
914 4025 1086 4085 conditione
1100 4026 1222 4101 sscinm5

108 4120 144 4169 nt
163 4108 273 4170 dehinc
296 4109 372 4170 mihi
387 4132 456 4170 cnm
473 4120 573 4171 vestra
589 4110 711 4169 notione
731 4110 848 4171 nullum
871 4110 991 4171 omnino
1009 4114 1222 4171 commercium

106 4195 282 4259 intercedet.
326 4195 489 4256 Enisnvero
510 4196 547 4254 nb
567 4193 765 4255 Antiochensi
788 4206 817 4255 et
832 4195 941 4255 liculno
955 4197 1026 4273 illo,
1050 4197 1223 4274 quicunque

109 4290 168 4359 est,
189 4280 358 4365 Schelleste
378 4284 554 4363 gravinints
575 4290 736 4363 peecatum
750 4291 811 4359 est,
833 4301 901 4342 cunr
921 4281 953 4341 in
968 4281 1138 4341 nominibus
1155 4290 1221 4343 tum
