2950 4817
484 254 777 354 PRAEFA‘HO.
1159 282 1210 331 vn

110 426 223 522 μείζων
246 428 316 513 itm
342 427 436 521 apud
460 427 623 502 Mslalam
648 428 693 501 T.
715 430 759 499 ll.
785 450 823 521 p.
845 424 935 499 23⁰.
962 421 1019 519 l.,
1051 428 1097 497 de
1116 429 1212 504 odat

110 532 238 601 auctoris
267 542 380 601 sente
412 533 591 605 lastiniauo
624 533 757 624 aequali
782 532 938 604 dubitare
968 554 1037 602 noo
1062 531 1213 603 debebat

108 634 238 724 llodyus
270 636 321 705 ob
354 635 508 707 dictionis
540 636 671 709 sordes.
719 636 818 706 Istius
850 638 919 705 iam
944 635 1068 705 saeculi
1093 646 1130 705 et
1154 660 1209 705 ra·

109 739 225 807 lecim
247 740 370 830 inepta
395 750 490 809 eram
515 751 550 809 et
569 738 671 809 dictio
690 750 887 813 monstrosa
937 738 994 807 Ex
1014 760 1084 829 quo
1107 738 1211 809 Olmi-

109 842 191 911 stiaoi
221 840 383 911 doctores
413 844 552 911 barbare
584 844 759 935 publicam
793 865 868 910 rem
898 841 1068 910 inutilibus
1102 865 1210 932 quae·

107 944 268 1029 stionibes,
302 946 504 1035 omissisque
529 946 645 1027 studiis
679 946 867 1017 litterarum
898 944 1134 1015 humaniorum
1165 944 1213 1013 ad
1260 1016 1269 1040 Ι

108 1047 342 1139 speculationes
374 1049 550 1139 ridiculas,
585 1058 620 1117 et
646 1072 729 1139 quas
765 1072 809 1117 ne
833 1048 899 1141 ipsi
923 1048 1064 1139 quidem
1087 1049 1215 1119 intelli-

109 1160 229 1241 gerent,
259 1151 402 1243 prolabi
442 1162 646 1245 coeperunt,
681 1153 795 1245 periit,
817 1152 925 1223 omnis
959 1152 994 1221 io
1028 1151 1213 1245 cogitando

108 1254 274 1338 rectitudo,
308 1254 347 1323 io
370 1252 518 1325 dictione
543 1256 784 1349 perspicuitas,
816 1278 900 1323 cura
923 1264 959 1326 et
982 1254 1081 1323 nitor.
1130 1255 1213 1323 Nou

111 1366 169 1425 um
191 1357 344 1427 barbula
370 1358 574 1446 barbariem,
600 1382 704 1449 qmm
723 1357 921 1429 Christianis
945 1357 1119 1431 debemus.
1148 1357 1212 1427 Vi·

112 1459 158 1543 de,
178 1470 322 1549 quantus
349 1471 474 1548 tumor,
499 1472 625 1551 quarata
645 1462 870 1555 peregrinitas
894 1462 929 1529 io
942 1459 1072 1541 codice
1090 1460 1212 1531 'Ilieo-

111 1563 248 1645 dosiaoo,
274 1587 386 1653 quam
410 1586 478 1634 non
500 1567 595 1633 anilis
621 1588 724 1657 saepe
747 1564 953 1656 Procopius,
973 1564 1126 1635 omnium
1150 1564 1214 1633 sibi

109 1667 282 1755 aequalium
305 1668 440 1758 absque
466 1668 692 1737 controversia
718 1668 885 1760 optimus,
911 1689 1015 1757 quam
1036 1676 1155 1739 coacta
1178 1676 1214 1735 et

107 1768 295 1839 Istinium
326 1772 397 1840 eius
424 1770 537 1839 dictio.
589 1770 799 1845 attestatum
820 1770 1008 1856 artificium,
1033 1792 1098 1861 per
1119 1767 1215 1860 quod

109 1872 200 1941 oratio
226 1870 420 1942 (immesiis
454 1874 601 1943 tenebris
635 1874 735 1944 lieret
768 1873 963 1959 obscurior,
998 1872 1093 1943 laudi
1126 1880 1213 1959 erat,

108 1984 238 2047 etanta
258 1979 409 2066 quisque
432 1976 583 2057 doctior,
610 1987 736 2065 quanto
764 1975 1003 2047 cassiodorum
1031 1985 1065 2045 et
1090 1974 1215 2043 similes

109 2090 277 2169 superaret
334 2078 409 2149 Sed
432 2078 501 2149 boc
532 2080 743 2149 intransitu.
793 2078 994 2149 soloecismi
1025 2077 1084 2163 hi,
1126 2099 1213 2167 qua-

109 2182 151 2247 les
172 2191 242 2249 suut
266 2177 484 2277 μειζότερος
505 2192 540 2250 ot
565 2183 693 2273 similia,
720 2182 859 2251 fuerunt
884 2181 1024 2271 quidem
1042 2202 1214 2270 umquam

112 2285 225 2353 nonin
256 2306 329 2353 usu
361 2285 457 2376 apud
489 2286 648 2376 vulgum,
692 2284 756 2353 sed
786 2285 969 2377 scriptores
1004 2285 1060 2353 vel
1092 2306 1215 2376 parum

114 2384 281 2475 elegantiae
296 2408 468 2457 memores
491 2389 535 2460 ab
556 2387 596 2457 iis
617 2387 680 2459 sibi
695 2386 914 2459 abstinebant
943 2385 1123 2456 Christiani
1148 2386 1216 2454 do-
1274 2430 1279 2440 ,

113 2494 207 2556 ctores
236 2510 281 2555 ex
318 2510 389 2575 quo
423 2500 610 2578 coeperunt
632 2491 789 2559 homilias
824 2512 901 2558 suas
932 2492 1019 2561 tales
1043 2491 1080 2557 io
1102 2490 1217 2557 lucem

112 2589 216 2675 cdere,
250 2591 373 2680 quales
388 2651 391 2657 ,
407 2612 449 2657 ex
474 2590 618 2659 ambone
644 2590 858 2673 effuderant,
892 2592 993 2681 petiit
1015 2592 1123 2668 omis
1147 2590 1216 2658 ho-

112 2714 165 2759 nor
181 2694 306 2762 litteris
361 2692 527 2777 Malalae,
553 2700 591 2759 ut
615 2692 660 2760 ad
686 2714 766 2761 eum
790 2690 949 2781 redeam,
983 2714 1027 2761 ex
1048 2693 1125 2785 ipso
1149 2714 1216 2760 no-

113 2797 189 2867 mine
212 2804 349 2865 constat
371 2806 473 2867 aetas.
503 2794 677 2867 Matutae
690 2805 742 2867 est
760 2815 886 2865 nomen
907 2795 1097 2886 Syriacum.
1132 2794 1216 2869 Ser·

114 2920 161 2965 mo
181 2898 341 2989 Syriacos
364 2899 539 2969 obtinebat
563 2898 600 2967 in
621 2897 721 2989 Syria
743 2920 851 2986 usque
871 2897 917 2966 ad
941 2897 1032 2967 initia
1053 2897 1217 2967 Multam-

114 3002 308 3073 metlanismi.
370 3001 427 3071 Eo
458 3010 635 3093 surgente,
672 3001 850 3069 Saracenis
883 3000 1018 3090 Syriam
1054 3000 1219 3093 rapienti·

115 3106 185 3189 bus,
229 3112 420 3198 exegerant
460 3105 690 3195 Syriasmum,
736 3104 875 3191 eiusque
912 3103 990 3172 loco
1023 3102 1219 3179 Arabismus

117 3208 213 3275 omnia
231 3208 440 3294 obundabat,
453 3206 639 3297 =Syriusmo
665 3205 699 3273 iu
719 3206 938 3273 ecclesiarum
954 3204 1220 3275 Christianarum

117 3312 275 3402 arguebas
303 3311 474 3379 concluso.
500 3308 628 3379 Debuit
653 3310 741 3400 er'go
761 3306 908 3379 Mauo·
933 3330 976 3377 eo
997 3307 1111 3377 adhuc
1134 3328 1220 3375 aevo

120 3414 224 3482 vixisse
256 3424 292 3483 et
324 3414 516 3505 scripsisse,
552 3435 622 3502 quo
655 3434 767 3479 sermo
799 3411 958 3501 Syriacus
989 3412 1024 3479 ln
1049 3419 1220 3478 assuerat

119 3516 176 3583 1³10
200 3517 337 3586 rasore
364 3515 494 3585 Arabes
519 3538 589 3585 non
616 3513 763 3601 Μιιιαι,
796 3513 858 3585 sss
878 3483 1037 3597 ,Aba
1063 3510 1222 3584 matus

121 3618 254 3687 ‹licunt.“
305 3620 439 3706 Quibus
465 3619 545 3688 addi
567 3618 646 3687 licet
667 3618 702 3685 in
721 3616 823 3685 rebus
848 3616 1001 3703 locisque
1019 3615 1140 3707 Syriae
1162 3615 1222 3684 ‹le-

121 3722 291 3795 smbemlis
324 3745 491 3812 nusquam
532 3746 576 3791 ne
611 3720 839 3789 tenuissimum
874 3716 1013 3808 quidem
1044 3718 1223 3810 vestgium

123 3848 275 3916 apparere
296 3828 423 3895 mutati
453 3827 488 3895 in
515 3848 556 3895 ea
580 3845 647 3916 per
673 3822 805 3891 Arabes
830 3844 945 3889 rerum
974 3820 1032 3910 qui
1057 3820 1120 3889 sub
1145 3820 1223 3911 By-

123 3929 248 3998 zantinis
273 3928 384 3998 fuerat
410 3938 521 4001 status.
573 3927 755 3997 Caeterum
787 3923 881 4017 apud
905 3922 1069 3993 loannem
1094 3922 1224 3993 Dama-

127 4052 248 4099 scemrm
291 4032 386 4122 quod
417 4030 562 4101 Malalas
602 4040 744 4099 vocatur
782 4018 953 4120 Ἰωάννης
986 4022 1224 4114 Ἀντιοχείας,

127 4154 183 4200 oon
204 4136 444 4226 patriarcham,
471 4134 532 4202 secl
554 4132 662 4200 ciram
683 4129 951 4200 Antiochensem
969 4126 1225 4217 intelligendum

133 4256 191 4306 esse
202 4240 358 4310 assentior
374 4238 489 4309 Hodio
502 4238 639 4331 Proleg.
654 4258 681 4303 ι.
697 4256 778 4303 vrrs:
804 4230 977 4323 quomodo
994 4228 1123 4300 dictum
1138 4225 1225 4349 Au·
