2950 4817
229 271 307 346 284
526 259 752 332 lOANNIS
775 265 1038 334 MALALAE

190 456 215 511 B
308 446 373 512 Ἐπὶ
393 446 427 510 δέ
445 450 502 530 τῆς
518 431 616 511 alsat
628 446 789 524 βασιλείας
804 446 834 512 oi
845 445 1008 531 Ἀντιοχεῖς
1021 442 1166 532 κτήτορες
1179 449 1231 512 καὶ
1246 453 1336 512 πολῖ·

228 575 282 614 ται
299 545 430 632 μήνυσιν
450 545 632 632 ποιήσαντες
651 546 828 633 ἐδεήθησαν
849 557 906 616 τοῦ
928 551 1024 616 adrui
1035 551 1188 633 βασιλέως
1202 547 1338 633 Κομμό-

229 655 304 732 δου,
329 653 383 716 ’ἶνα
404 650 465 716 ἀπό
487 654 578 728 θείας
599 651 696 717 abraei
719 648 882 729 ιιελεόσεως
906 650 1112 740 προσαυριόση
1135 659 1179 740 τῷ
1194 653 1335 742 δημοσίῳ

227 755 286 830 τάς
309 751 484 839 προσόδους
505 752 542 830 ἃς
569 755 651 820 εἴασε
674 761 714 841 τῇ
738 761 802 820 τῶν
827 755 1005 840 Ἀντιοχέων
1027 754 1112 822 πόλει
1136 759 1290 836 Σωσίβιος
1319 753 1337 820 ό

228 857 449 944 προειρημένος
466 854 546 946 λόγῳ
570 864 713 943 θεωριῶν
733 855 937 943 πολυτρόπων
959 862 1011 924 καί
1030 855 1189 946 διαφόρων
1210 856 1363 942 ἀγώνωνὸ

228 960 468 1043 ἐπιτελουμένων
482 967 521 1046 τῇ
536 961 616 1047 αάτῇ
631 957 728 1041 πόλει,
757 965 808 1026 καὶ
820 963 873 1026 ἰ’να
888 962 933 1046 μὴ
948 963 1132 1049 πορίζωνται
1148 962 1204 1036 τὰς
1220 957 1339 1048 προσό-

230 1064 348 1139 δουςοὶ
362 1060 604 1146 πολιτευόμενοι,
631 1063 712 1130 ἀλλά
724 1063 761 1130 τό
776 1060 926 1150 δημόσιον
948 1069 1000 1130 καὶ
1023 1063 1101 1130 αάτὸ
1116 1075 1246 1150 χορηγεῖ
1257 1060 1339 1152 λόγῳ

228 1172 293 1232 τῶν
306 1166 544 1248 ἐπιτελουμένων
560 1166 638 1252 πρὸς
652 1169 762 1252 τέρψιν
780 1173 837 1252 τῆς
852 1166 969 1244 πόλεως
981 1167 1158 1250 Ὀλυμπίων
1171 1170 1222 1231 καῖ
1237 1165 1340 1232 ἀλλων

229 1275 321 1334 τινῶν
337 1275 478 1353 θεωριῶν
494 1271 527 1336 έν
543 1277 581 1356 τῇ
596 1269 677 1358 αὐτῇ
691 1267 778 1336 πόλει
793 1277 855 1336 τῶν
870 1271 1055 1354 Ἀντιοχέων.
1109 1271 1161 1336 sol
1181 1269 1297 1345 εὐθέως
1320 1267 1339 1334 ό

230 1371 324 1447 αάτάς
345 1371 489 1451 βασιλεὺς
513 1370 683 1455 Κόμμοδος
705 1373 758 1439 δι’δι
778 1377 871 1450 θείας
890 1375 986 1440 αὐτοῦ
1007 1369 1170 1449 ιιελεόσεως
1184 1369 1339 1459 προσεκό-
1349 1390 1383 1441 10

230 1499 310 1559 ρωσε
325 1481 369 1563 τῷ
384 1475 524 1564 δημοσίῳ
540 1475 598 1552 τάς
611 1473 804 1561 προσόδους,
836 1480 990 1554 θεσπίσας
1005 1477 1047 1542 τά
1065 1473 1221 1559 Ὀλόμπια
1238 1477 1340 1540 dusse-

120 1572 147 1625 0
164 1574 216 1630 ³73
235 1583 359 1642 λεῖσθαι
379 1579 430 1641 καὶ
453 1576 608 1664 ἀφορίσας
635 1581 669 1644 is
690 1586 748 1645 τοῦ
778 1582 929 1663 δημοσίου
952 1580 1143 1666 παρέχεσθαι
1175 1581 1218 1654 είς
1247 1575 1340 1662 λόγον

191 1643 214 1696 c
231 1677 442 1762 ἀναλωμάτων
464 1687 528 1745 τῶν
547 1679 785 1768 ἀπουρχοόντων
806 1691 845 1770 τῇ
861 1689 924 1748 τῶν
941 1683 1118 1764 Ὀλυμπίων
1131 1681 1198 1771 ἱερᾷ
1218 1683 1269 1745 ναὶ
1285 1707 1341 1746 νιο-

229 1789 324 1868 σμαιῇ
341 1779 432 1868 ἑορτῇ
450 1784 569 1868 φανερὰ
584 1781 744 1869 χρήματα,
771 1783 990 1868 νομοθετήσας
1005 1784 1086 1850 τιατά
1102 1789 1246 1869 τετραετῆ
1262 1781 1342 1870 χρό-

229 1909 284 1950 νον
306 1886 513 1952 ἐπιτελεῖσθαι
534 1887 702 1969 ἀμέμπτως
730 1887 762 1952 έν
785 1899 854 1965 ταῖς
875 1886 997 1974 ἑορταῖς
1028 1893 1090 1953 τῶν
1111 1884 1337 1969 ἀναθημάτων,
1350 1903 1383 1956 15

228 1987 299 2071 ἤτοι
312 1991 451 2067 θυσιῶν,
475 1995 538 2054 τῶν
553 1991 585 2066 dl}
597 1989 710 2071 ἔθους,
734 1990 818 2057 τοῦτ’
844 1991 909 2056 ἐστὶ
931 1997 975 2079 τῷ
995 1990 1122 2077 πανέμηι
1143 1988 1212 2071 ἤτοι
1232 1990 1340 2076 λουλίηι

228 2093 304 2176 μηνί
324 2093 441 2178 καὶτῷ
468 2087 539 2177 λεόρι
564 2099 610 2181 τῷ
631 2093 783 2182 λεγομένῳ
807 2091 969 2181 αάγοόστῳ
989 2095 1063 2178 μηνδ
1085 2093 1134 2158 ἐπί
1153 2088 1271 2176 ἡμέρας
1290 2087 1341 2173 με’

229 2197 273 2268 είς
286 2191 396 2278 ἑορτὴν
409 2199 464 2258 τοῦ
483 2193 654 2276 Ὀλυμπίου
668 2193 766 2276 Διός,
795 2193 945 2272 ὡσαύτως
955 2195 1109 2282 ἀφορίσας
1123 2197 1174 2262 sol
1189 2197 1232 2269 είς
1248 2191 1341 2280 λόγον

228 2297 437 2382 ῖπποδρομίου
461 2295 629 2379 ἀμέμπτως
650 2299 883 2380 ἐπιτελουμένου
906 2298 987 2364 ιιατά
1006 2298 1063 2380 τὴν
1083 2294 1191 2363 Ἡλίου
1207 2293 1339 2381 ἡμέραν,

226 2399 312 2465 τοῦτ’
329 2400 394 2465 insi
409 2399 489 2464 ιιατά
503 2397 663 2484 ιιυριακῆν,
680 2399 779 2484 ἀλλην
794 2401 827 2478 ἐξ
839 2399 942 2466 αὐτῶν
957 2399 1094 2486 φανερὰν
1100 2400 1232 2485 χρυσίου
1241 2397 1383 2472 ποσόν)

226 2527 316 2587 τητα.
372 2498 487 2585 δμοίως
511 2503 545 2567 δέ
567 2505 617 2568 καί
639 2506 682 2578 εἰς
700 2500 791 2586 λόγον
803 2509 945 2586 σκηνικῆς
960 2499 1070 2587 ἑορτῆς
1082 2509 1259 2588 νυκτερινῆς
1273 2503 1341 2568 ἐπι-

227 2605 410 2690 τελουμένης
431 2605 513 2670 ιιατά
529 2604 582 2690 έτη
604 2601 645 2691 y',
670 2611 733 2672 τῶν
746 2605 916 2692 λεγομένων
928 2605 1058 2692 Ὀργίων
1066 2653 1077 2686 ,
1105 2602 1180 2692 ὅπερ
1196 2606 1261 2672 tori
1277 2631 1341 2688 μυ-

299 2806 325 2859 5.
342 2802 603 2928 spormnpboc]p
622 2805 665 2860 95.
683 2805 716 2857 B.
786 2805 813 2859 7.
829 2802 956 2876 χορηγεῖ]
975 2804 1080 2890 χορηγῇ
1097 2801 1169 2888 Oh..
1181 2801 1214 2855 V.
1233 2819 1260 2872 p.
1279 2805 1340 2892 ,m'

297 2874 333 2937 1),
353 2875 463 2931 tate.
497 2875 548 2928 vol.
618 2871 876 2948 p.29.1),4t.1t.
947 2875 988 2930 17.
1006 2875 1084 2944 λαφ]
1103 2877 1167 2943 Aoos
1185 2871 1237 2926 Ox.

297 3047 382 3115 Hujus
398 3053 482 3102 autem
498 3049 546 3100 snb
562 3045 675 3117 Imperio
700 3047 830 3102 Primores
857 3054 886 3103 et
909 3047 1017 3118 popnlns
1043 3045 1219 3100 Antiochensis
1237 3043 1272 3098 ad
1289 3045 1341 3098 lm-

228 3123 376 3187 peratorem
392 3117 543 3169 referebant
567 3116 601 3169 de
617 3116 744 3170 reditibus
760 3116 826 3183 illis,
855 3135 919 3187 quos
937 3117 1053 3170 Sosibius
1068 3115 1230 3185 supmalcms
1247 3114 1341 3168 Antio-

229 3185 305 3239 clsiae
322 3186 473 3254 legaverat,
495 3185 523 3238 in
539 3183 613 3238 ludos
630 3187 787 3255 agonisticos
811 3191 839 3239 et
855 3189 978 3256 cujusque
995 3185 1097 3255 generis
1122 3185 1272 3268 spectscnls
1288 3182 1342 3236 ibi-

229 3256 287 3308 dem
305 3253 476 3318 celebrandat
501 3255 629 3324 supplices
646 3273 705 3309 enm
721 3263 857 3324 rogantes,
882 3259 920 3308 uti
939 3255 1036 3308 Edicto
1053 3271 1099 3308 suo
1117 3253 1205 3307 divino
1223 3259 1341 3316 caveret,

228 3341 263 3378 ne
286 3323 313 3376 in
337 3333 467 3393 posterum
489 3323 659 3392 Magistratus
681 3326 781 3380 reditus
806 3327 884 3378 hosce
908 3324 936 3376 in
955 3324 1086 3394 proprium
1112 3339 1184 3376 usum
1201 3327 1342 3375 converte-

228 3401 304 3455 rent3
330 3394 391 3457 sed,
409 3400 440 3445 ut
456 3395 558 3446 aerario
576 3394 677 3462 publico
694 3395 801 3458 asserti,
829 3394 958 3446 lindosum
974 3392 1152 3461 Olympiorum
1169 3391 1342 3458 aliorumque,

248 3461 276 3513 ui
297 3461 331 3514 nd
349 3461 543 3516 nannetensem
588 3464 690 3532 epulum
708 3463 890 3516 oblectandum
913 3462 1051 3514 exhibendi
1069 3469 1169 3525 essent,
1198 3459 1341 3530 sumptibus

228 3479 353 3583 iaciendis
370 3530 530 3583 inservirent.
565 3481 717 3585 berumodus
736 3531 828 3600 itaque
845 3533 1004 3600 imperator,
1030 3530 1157 3583 reditibus
1173 3528 1245 3593 istis,
1271 3528 1341 3579 divi·

227 3617 262 3651 no
279 3618 324 3652 sno
339 3599 445 3664 Edicto,
463 3599 567 3651 aerario
585 3601 689 3670 publico
703 3601 856 3664 vendicatis,
874 3599 947 3654 Jovis
962 3599 1077 3670 Olympii
1093 3599 1120 3650 in
1137 3600 1270 3660 honorem,
1287 3597 1342 3649 Lu-

228 3668 274 3719 dos
291 3667 441 3736 Olympicos
457 3667 566 3721 indixits
584 3677 679 3738 quarto
697 3687 801 3739 quoque
819 3688 894 3735 anno,
913 3686 960 3738 per
977 3685 1030 3721 aar
1047 3667 1102 3722 dies
1118 3667 1270 3731 continuos,
1288 3666 1342 3718 rita

228 3735 410 3800 celebrandos,
428 3736 454 3787 in
471 3737 556 3790 Festis
573 3740 780 3802 anathematum,
797 3739 852 3792 sive
869 3739 1072 3801 sacrificiornms
1097 3753 1165 3805 qnae
1183 3754 1215 3788 ex
1232 3752 1341 3788 corssua—

224 3801 320 3858 tudine
337 3805 431 3873 peragi
446 3804 580 3870 sciebant,
597 3808 726 3869 Poocsso,
743 3807 799 3860 siro
815 3808 899 3873 διιίίο,
917 3817 945 3861 et
962 3809 1027 3871 boo,
1044 3807 1231 3873 nonnaginta
1249 3803 1344 3856 mansi-

224 3875 290 3926 bnss
321 3882 446 3943 separata
462 3874 490 3926 in
506 3876 570 3938 boe,
597 3893 630 3928 ex
646 3875 749 3930 aerario
768 3876 886 3946 publico,
910 3877 1076 3946 penuriarum
1093 3891 1189 3928 summa
1205 3873 1269 3928 satis
1286 3889 1343 3926 am-

226 3943 282 4064 pla,
304 3941 333 3994 in
350 3942 486 4008 ministros,
512 3943 626 3998 officium
643 3946 759 3998 suumin
776 3945 954 4015 Olympiorum
971 3961 1047 3998 sacra
1063 3943 1256 4012 universalique
1272 3941 1343 3994 cela-

246 4012 328 4064 ritate
344 4021 505 4082 praestantes
521 4014 663 4081 erogsnda.
697 4014 825 4068 Similiter
843 4014 921 4067 etism
947 4011 1042 4068 eisdem
1068 4013 1196 4066 reditibus
1222 4011 1281 4064 auri
1298 4027 1343 4063 sa·

225 4081 263 4133 tis
281 4081 392 4150 amplam
407 4080 523 4150 seposuit
539 4083 730 4150 quantitatem,
752 4085 780 4138 in
798 4083 947 4136 &rumina
963 4081 1120 4151 Equestria,
1137 4079 1342 4149 singolis-‚solis

225 4149 257 4202 id
273 4159 329 4214 ast,
354 4150 496 4204 Dominicis
512 4150 602 4206 diebus
617 4152 669 4206 rite
686 4152 842 4223 peragenda.
878 4153 1022 4204 Praeterea
1038 4151 1116 4206 etism
1134 4149 1161 4202 in
1178 4167 1250 4204 nsum
1268 4145 1343 4200 Festi

225 4218 295 4272 illins
312 4219 475 4284 Triennslis,
498 4227 625 4274 υοατιιιιιο
639 4229 759 4348 teppore
775 4221 893 4276 tentoriis
910 4219 1040 4274 celebrari
1055 4218 1141 4282 soliti,
1165 4218 1224 4272 anri
1242 4216 1343 4288 portio·

227 4304 286 4342 sem
302 4289 474 4344 sufficientem
490 4289 650 4359 msigosvit3
719 4291 853 4364 lampades
870 4289 1042 4361 csndslssqus
1056 4288 1204 4362 paraadsst
1222 4302 1344 4358 quasque
