2950 4817
190 320 254 365 ιιι
575 274 929 355 PROLEGOMENA.

191 468 283 545 bere,
305 486 343 527 ne
364 458 484 526 Lectoii
502 464 609 547 judicii
630 465 791 527 limatiorie
816 460 939 524 ieefflio
958 462 1025 522 eim.
1073 460 1123 523 lix
1140 460 1317 543 bujnemodi

194 589 264 631 eone
279 566 445 630 Muctcceia
458 566 642 632 motam
656 588 718 629 non
735 586 859 648 quaero.
1286 554 1300 578 ‘¹

278 669 450 735 XXXVlll.
496 672 545 732 Sic
567 692 605 733 ex
624 671 711 733 dictio
738 670 821 751 (nini
841 668 974 730 maxime
991 664 1105 746 folior)
1130 665 1318 746 apertieaime

195 772 349 851 colligitur
369 772 408 831 de
427 784 523 835 aetete
543 770 769 856 chronogrophi
788 773 887 833 noetri
907 770 984 831 nihil
1003 767 1099 831 aetrni
1116 788 1208 851 poene
1224 789 1264 829 ex
1281 788 1319 829 eo

196 874 280 956 qnod
301 874 496 955 reperiantur
517 876 601 957 apud
621 874 789 938 chronicon
811 870 954 938 Pcoclrcle
973 892 1043 934 curn
1060 872 1144 933 illiue
1160 872 1320 931 Narratio-

195 980 287 1039 nibue
309 976 494 1040 adverbum
516 976 722 1040 consonantie.
764 978 811 1039 Ne
827 977 866 1039 ab
888 976 990 1055 eliqno
1005 985 1162 1056 praeterea
1179 974 1321 1035 trahatur

89 1102 92 1109 ·
196 1084 231 1143 in
252 1068 478 1162 argumentum,
500 1082 584 1161 quod
605 1082 643 1141 de
656 1080 748 1141 rebne
764 1100 843 1161 queo
859 1079 1041 1140 remotiore·
1053 1078 1229 1155 videantur,
1251 1088 1321 1137 tan-

199 1206 290 1265 quam
311 1204 409 1265 unque
439 1184 479 1245 ad
500 1202 584 1243 auem
606 1184 779 1245 memoriani
806 1180 1045 1264 perdurantibus
1067 1182 1233 1262 loquatur-5
1265 1178 1321 1239 bic

198 1288 348 1347 monitum
362 1287 455 1349 velim
468 1287 643 1365 Lentonem,
668 1308 730 1347 non
746 1285 830 1346 illiue
845 1286 940 1366 ipeiua
948 1330 958 1361 ,
979 1284 1033 1345 ced
1049 1283 1219 1359 Actorum,
1240 1297 1322 1362 quoe

199 1392 251 1453 ille
269 1400 390 1451 eccutue
410 1400 474 1468 eet,
504 1410 569 1451 eoae
590 1390 690 1450 omnin
707 1390 784 1465 ieta,
807 1387 864 1463 ἕως
887 1384 971 1470 ipre,
992 1396 1024 1449 et
1043 1386 1100 1461 ior
1118 1388 1175 1466 τῆς
1189 1388 1266 1464 νῦν,
1290 1392 1324 1445 et

200 1492 320 1567 eimilie,
343 1513 420 1573 quae
433 1492 524 1554 totiee
536 1494 663 1574 repetite
677 1499 851 1554 occurrunt.
894 1490 962 1551 lion
976 1510 1016 1551 ex
1030 1490 1091 1550 illie
1107 1508 1185 1568 qnee
1197 1488 1323 1570 jamjam

201 1594 396 1656 discernimus
408 1614 498 1655 nemo
516 1604 559 1655 eet
574 1596 701 1675 quinon
720 1594 808 1655 laoile
824 1593 997 1671 collegerit,
1018 1590 1141 1653 etidem
1158 1610 1197 1651 ex
1213 1591 1324 1671 plerin-

203 1718 262 1779 que
276 1700 413 1778 ipsorum
426 1698 564 1757 locorum
576 1698 687 1760 elicias.
732 1698 783 1756 Sic
799 1694 975 1777 hujucemodi
986 1696 1101 1754 farinae
1115 1692 1326 1774 scriptoribus

203 1802 269 1862 aliia
283 1800 357 1861 nihil
371 1800 465 1878 magia
482 1800 626 1861 usitatum
646 1810 677 1861 et
695 1800 837 1874 solenne,
858 1817 950 1875 quam
965 1794 1111 1877 quemodi
1129 1795 1237 1875 judicii
1253 1796 1327 1856 mali

203 1904 323 1965 indiciie
349 1903 468 1982 Scripta
494 1922 549 1961 ena
576 1902 761 1982 deturpare,
789 1898 927 1977 risuique
951 1903 989 1958 et'
1005 1916 1133 1957 neumae
1160 1897 1326 1959 Lectornm

205 2006 399 2067 cordatorum
423 2024 584 2086 exponere.
636 2004 703 2064 Hoc
723 2002 799 2063 viria
821 2000 947 2061 eruditio
968 2009 1014 2060 eat
1033 2009 1139 2059 notum
1167 1998 1325 2083 (opinor)

206 2128 241 2169 ao
255 2108 462 2189 exploratum,
483 2108 536 2168 aed
551 2128 613 2169 non
629 2108 726 2167 nolum
744 2104 842 2165 eoribo
859 2104 1010 2163 Eruditiae
1031 2111 1103 2161 eunt
1115 2103 1218 2181 itaque
1234 2122 1329 2184 qnae-

206 2212 275 2271 dam
294 2210 444 2272 efferenda
468 2210 623 2291 Exempla.
667 2208 757 2289 Apud
777 2204 958 2267 Dorotheum
971 2204 1196 2283 auppoeititinrn
1211 2207 1243 2265 in
1257 2228 1329 2288 oyn—

207 2315 273 2397 opei
310 2312 347 2375 cte
376 2312 452 2372 Vita
481 2324 632 2395 morteque
651 2308 885 2394 Prophetarum,
914 2306 953 2365 de
981 2304 1112 2365 Ieremia
1136 2308 1170 2365 in
1188 2310 1328 2387 Aegypto

207 2416 344 2497 sepulto,
373 2426 404 2476 et
424 2412 462 2473 eb
481 2414 637 2495 Aegyptiis
656 2414 690 2473 in
716 2430 824 2490 magna
844 2410 1038 2470 veneratione
1059 2406 1164 2468 babito
1185 2408 1258 2487 quie
1277 2428 1330 2470 coe

207 2537 264 2599 per
282 2536 389 2597 preoee
412 2536 428 2575 a
445 2516 677 2576 crocodilorum
698 2514 890 2576 inieeteticne
906 2512 1080 2588 liberasset,
1105 2506 1209 2573 verbio
1226 2510 1329 2590 iactis,

208 2620 412 2699 rubjungitur:
433 2616 512 2678 uncle
529 2632 675 2703 quotquot
689 2618 755 2679 Deo
775 2630 845 2678 eunt
854 2611 980 2699 fidelea,
1003 2632 1101 2692 neque
1114 2609 1275 2674 bodiea'lio
1294 2613 1331 2673 in

209 2718 277 2781 loco
289 2716 533 2802 preceafunclunt
549 2728 605 2779 etc.
652 2720 738 2793 Quae
754 2716 849 2779 rerba
869 2716 1019 2795 ipeieaima
1034 2714 1230 2794 reperiuntur
1245 2713 1331 2793 apud

212 2816 378 2881 chronicon
397 2818 509 2883 Pecoli.
521 2820 559 2879 ad
575 2820 699 2900 Olymp.
720 2842 792 2881 m.
815 2819 869 2879 ubi
888 2827 971 2877 totue
990 2818 1054 2877 iere
1070 2816 1218 2877 Dorothei
1230 2816 1330 2877 Libel.

209 2922 257 2981 lue
273 2920 470 2999 exscribitur,
491 2942 552 2981 non
569 2930 670 2983 lamen
687 2933 832 3001 tanquam
849 2921 948 2995 illiue,
971 2918 1025 2977 ced
1041 2918 1161 2977 nomine
1177 2917 1242 2997 ejna
1255 2938 1330 2997 eup-

209 3044 331 3105 presa03
354 3022 435 3102 apud
457 3022 605 3083 Libellum
624 3025 713 3083 etiam
733 3021 770 3083 de
788 3022 870 3082 Vota
888 3016 1116 3102 prophetorum,
1138 3020 1192 3099 qui
1207 3017 1240 3080 S.
1255 3018 1331 3101 Epi-

208 3124 315 3208 plronii
334 3126 452 3187 Nomen
469 3125 623 3206 praefert;
653 3144 773 3186 necnon
786 3122 871 3203 apud
894 3122 988 3181 elium
1005 3119 1201 3204 Aaouymom
1215 3123 1275 3183 bis.
1292 3120 1333 3182 de
1392 3124 1395 3133 '

210 3248 275 3291 rer.
301 3226 454 3311 Propltetie
475 3227 507 3287 in
530 3226 719 3289 Bibliotheca
737 3221 829 3306 Regia
848 3222 1003 3302 Parisino,
1027 3232 1057 3282 et
1074 3220 1249 3304 Spneoraem
1266 3222 1331 3284 Lo·

281 3578 352 3651 apud
369 3578 441 3633 illum
458 3590 626 3647 cornupeta
643 3578 718 3649 prior
734 3574 801 3631 utta
817 3574 932 3647 prolixe.
965 3574 1055 3630 llebet
1071 3574 1175 3645 quom
1191 3576 1289 3630 Noeter
1304 3574 1334 3630 in

284 3664 336 3719 elio
353 3665 428 3729 loco,
456 3664 490 3717 ‹le
514 3664 658 3731 Burbpeio,
686 3662 834 3727 Plterlclt'm
859 3661 950 3732 Bm,
978 3662 1140 3717 ultorem
1160 3662 1235 3717 nrbie
1252 3664 1334 3718 coroa

281 3748 419 3814 nonnulle,
437 3747 553 3803 nonan
570 3748 599 3803 in
615 3764 697 3820 regno
715 3747 882 3803 comum·
898 3748 938 3802 lt.
955 3754 1086 3803 coetuum
1103 3766 1137 3804 ec
1153 3766 1221 3820 qnae
1237 3749 1333 3804 inPc-

280 3834 363 3887 robcli
379 3834 576 3901 describuntur,
594 3852 646 3891 non
663 3834 745 3889 iniere
761 3852 795 3889 ex
810 3835 871 3888 istie
886 3832 1040 3905 innupte,
1056 3834 1197 3906 perspicue
1211 3834 1252 3889 illi
1266 3854 1334 3891 eon-

281 3920 380 3986 etablt,
398 3919 442 3991 qni
459 3921 505 3975 ille
521 3920 591 3975 inter
607 3940 637 3976 ee
654 3920 807 3975 contulerit:
835 3927 897 3974 eunt
915 3921 982 3974 enin
999 3922 1066 3975 boec
1082 3928 1111 3976 et
1125 3921 1153 3976 in
1169 3921 1259 3976 verbio
1276 3922 1334 3975 ‹lie-

282 4004 376 4059 aimllie
399 4012 428 4060 et
443 4006 472 4059 in
489 4008 568 4062 rebne
585 4006 742 4079 copiosiore.
776 4005 852 4060 Adde
877 4022 959 4076 porro
975 4008 1148 4063 cantionem
1165 4026 1234 4078 qnae
1250 4010 1334 4065 bebe-

281 4096 325 4145 tur
348 4092 383 4145 de
402 4092 583 4163 Diogeeieeo,
609 4100 638 4148 et
655 4092 812 4158 Pltt'loceno,
836 4106 889 4145 nna
914 4110 972 4148 eum
987 4094 1091 4165 Apione
1106 4110 1124 4147 u
1145 4094 1249 4149 Jurtino
1265 4094 1333 4166 lurp.

282 4176 317 4231 eb
335 4176 413 4231 exilio
429 4178 576 4247 revocatiep
606 4179 634 4234 in
651 4194 703 4250 qun
720 4178 791 4250 epod
808 4178 937 4233 Perebote
958 4178 1124 4251 appellentur
1138 4178 1179 4233 illl
1200 4179 1334 4235 lle-Me·

282 4264 379 4335 gtorte
402 4282 460 4321 curn
476 4272 562 4321 tanen
580 4284 597 4323 a
614 4266 716 4321 Melete
733 4268 873 4320 Smer
888 4266 970 4321 colon
985 4270 1176 4339 occupem.
