2950 4817
559 285 787 362 Ertsrott.
1152 299 1228 376 697

283 465 546 576 lielpmpede'app
558 473 673 576 spelm

115 635 165 696 lta
178 553 1226 721 locumltuhboiiiievridiiihbhiiiiioedsioiiiblineetihuhirdiipiiiiieiibo·
1240 641 1268 698 0
1285 641 1321 699 at

114 720 243 780 meediis
258 731 289 781 et
302 723 463 801 tragoediis
480 726 611 785 Graecis.
657 725 750 806 Cujus
768 725 958 786 autoritatem
973 727 1228 806 cantabrigienses

114 807 150 864 in
166 806 328 866 novissima
340 807 501 888 Porphyrii
515 811 656 871 Editione
674 809 773 871 secuti
790 823 871 872 suut.
913 855 934 888 ,‚
941 811 1008 870 Hoc
1029 813 1230 892 fragmentum

113 890 270 970 Euripidis
290 895 404 972 (verbo
421 904 492 954 sunt
505 893 624 976 Grotii)
648 895 681 958 ἕο
696 893 803 958 Masei
816 906 918 956 extare
939 897 1015 955 dicit
1029 897 1172 975 Erotion,
1193 909 1230 960 ut

115 976 242 1056 quidem
258 998 340 1038 nunc
354 979 473 1058 legitur.
515 977 607 1040 Atax
621 977 731 1044 Cressis
748 1001 811 1040 esse
825 981 915 1041 facile
927 981 1123 1060 intelligitur,
1145 983 1231 1062 qued

114 1061 211 1120 verba
228 1074 299 1122 sunt
315 1063 399 1124 chori
413 1065 453 1124 sd
466 1065 603 1125 Minoa.“
644 1065 705 1124 Sed
720 1065 834 1126 erravit
850 1067 881 1126 in
896 1087 931 1127 re
948 1067 1009 1126 levi
1028 1067 1229 1145 gravioribus,

115 1148 245 1224 opinor,
268 1149 375 1208 studiis
388 1151 521 1210 intentus
536 1152 584 1211 air
602 1171 694 1232 supra
713 1152 967 1230 comparationem
989 1161 1079 1231 etque
1095 1150 1229 1214 aemula-

112 1231 229 1292 tionem
248 1243 383 1294 nostram
409 1235 582 1314 longissime
604 1238 732 1318 positus.
783 1237 858 1296 Cum
880 1237 1011 1296 enimin
1036 1238 1165 1311 Creone,
1192 1247 1230 1298 ut

110 1315 176 1398 jam
191 1316 299 1394 docui,
322 1325 449 1396 Atreus,
471 1331 502 1382 et
516 1324 635 1403 Aerope
649 1322 826 1401 loquentur3
848 1343 936 1384 scena
953 1332 1054 1384 autem
1073 1323 1137 1384 sine
1154 1344 1230 1383 con-

113 1402 264 1462 troversia
280 1405 320 1464 sit
336 1405 449 1482 Argoae
471 1407 525 1466 vix
544 1415 598 1468 aut
614 1407 699 1466 nulio
717 1407 810 1466 medo
826 1416 886 1483 est,
908 1417 943 1466 ut
952 1402 1030 1466 haec
1043 1407 1230 1488 Porphyris·-

112 1507 156 1546 ua
178 1507 216 1546 ex
236 1487 340 1550 eodem
364 1491 498 1552 dramate
518 1492 611 1570 petita
630 1491 799 1552 videantur.
843 1492 936 1565 Quod
955 1493 980 1552 si
995 1493 1075 1568 sint,
1097 1493 1230 1554 demiror

113 1571 258 1650 equidem
272 1575 373 1634 curin
389 1577 476 1634 Creta
491 1575 589 1635 Minos
604 1595 674 1634 cum
693 1573 743 1635 his
763 1576 972 1637 sacerdotibus
993 1597 1161 1640 sermenem
1181 1578 1230 1638 in·
1349 1602 1352 1606 ⁴

113 1657 230 1717 stituat.
279 1659 364 1732 Quae
384 1664 462 1720 enim
482 1659 540 1721 hae
560 1660 760 1741 praestigiae?
791 1661 972 1740 quibusnam
992 1661 1137 1724 machinis
1153 1661 1231 1732 haec

113 1739 182 1805 ἄνω
198 1741 251 1804 aad
265 1738 370 1806 seiam?
391 1744 543 1806 Eademne
555 1746 587 1804 in
603 1745 706 1806 fabule
720 1755 782 1806 tam
800 1746 913 1806 alienae
928 1745 1094 1808 historiae?
1115 1749 1231 1828 duplex

112 1847 155 1886 ne
175 1847 280 1904 scena,
304 1837 333 1888 et
356 1829 490 1908 geminus
511 1828 642 1890 cheresi
667 1829 759 1890 Modo
781 1831 900 1906 Cretam
922 1843 1109 1911 spectemus,
1137 1833 1231 1892 modo

111 1912 228 1990 regiam
246 1913 355 1976 Atrei?
376 1913 469 1974 medo
492 1913 603 1976 choros
621 1915 736 1990 virilis,
758 1915 892 1994 Mystes,
914 1916 1055 1994 inquam,
1075 1917 1157 1977 Idaei
1181 1919 1232 1976 Jo-

112 1998 181 2074 ris,
202 1999 295 2058 modo
308 2019 384 2076 grex
409 1999 607 2060 foeminarum
628 1998 667 2060 od
685 2010 789 2080 partes
803 2000 928 2062 venisti
948 2001 1023 2061 Indo
1039 2004 1117 2062 enim
1129 2003 1232 2065 fabula

113 2087 258 2162 Kpsieeoe
271 2104 380 2146 nonren
395 2086 530 2163 accepit,
552 2085 635 2164 quod
646 2085 677 2144 in
693 2105 728 2144 es
745 2084 858 2145 chorus
879 2086 919 2146 sit
931 2087 1094 2146 mulierum
1110 2088 1232 2148 Creten.
1343 2088 1348 2106 ¹

114 2167 211 2244 sium,
232 2168 374 2230 videlicet
390 2189 467 2248 quae
488 2175 637 2250 Aeropenr
660 2189 676 2230 s
696 2170 785 2230 Creta
800 2171 960 2232 comitatae
978 2181 1056 2231 sunt.
1099 2173 1232 2234 Similem

114 2253 158 2314 ob
182 2273 302 2312 causam
328 2254 505 2328 Φοίνισσαι,
538 2249 694 2337 Τρωάδος,
728 2257 900 2336 Τραχίνιοι,
928 2256 1005 2315 aliae
1024 2256 1101 2316 bene
1122 2258 1234 2317 multae

113 2337 180 2398 suis
191 2337 346 2400 vocabulis
359 2339 561 2401 nominantur.
605 2339 668 2400 Nec
688 2347 805 2411 tamen,
826 2339 910 2419 quod
925 2339 1037 2402 chorus
1053 2342 1093 2400 eit
1110 2342 1234 2402 Creten-

113 2423 211 2498 sium,
233 2422 350 2484 idcirco
363 2444 485 2486 necesse
500 2434 562 2500 est,
583 2434 620 2484 ut
642 2425 675 2484 in
694 2425 787 2484 ‚Creta
812 2445 901 2484 scona
916 2426 955 2485 sit
970 2425 1088 2505 posita:
1110 2425 1233 2506 quondo

113 2518 152 2569 et
169 2509 201 2568 in
222 2505 394 2570 Phoenissis
411 2529 458 2570 res
478 2508 593 2570 Thebis
616 2518 764 2587 aguntur,
783 2507 911 2570 chorum
926 2518 1028 2570 tamen
1042 2513 1235 2574 constituunt

112 2593 259 2656 mulieres
280 2594 419 2673 'syriaca'
437 2588 550 2675 liipsov
579 2588 671 2675 stopa
690 2589 816 2664 huodo'
837 2593 913 2676 ἔβαν
933 2595 1110 2677 Anpoblssa
1133 2598 1235 2682 Λοξίᾳ

115 2679 288 2753 Φοινίσσας
307 2672 370 2742 einai
393 2671 503 2744 voiono.
546 2679 607 2738 Sed
627 2678 702 2758 quid
722 2679 978 2758 tergiversamur?
1002 2680 1119 2740 Scimus
1140 2681 1234 2740 Acro.

112 2783 179 2845 pen
194 2763 295 2824 Catrei
307 2764 401 2826 tuisse
415 2763 528 2840 liliam,
549 2763 658 2825 Minois
673 2773 814 2844 neptem:
835 2774 867 2825 et
881 2785 942 2845 quo
963 2773 1160 2844 temperares
1175 2765 1234 2828 hae

112 2859 390 2926 transsctsesunt,
409 2848 541 2930 jamdiu
559 2847 672 2910 liberos
694 2849 873 2929 suscepisse.
924 2847 1078 2929 Siquidem
1102 2853 1236 2929 Agame·

112 2953 259 2994 monem
284 2945 315 2996 et
326 2933 494 2995 Menelaum
517 2934 597 3014 patri
620 2934 714 2997 fuisse
737 2934 876 2994 conscios
892 2946 1144 3012 commemorant,
1166 2957 1237 3000 cum

114 3038 244 3080 coenem
259 3019 343 3082 illem
357 3019 479 3080 feralem
493 3017 646 3099 Thyestae
670 3030 846 3101 apponeret.
890 3021 960 3080 Non
981 3040 1054 3098 ergo
1074 3020 1113 3082 de
1134 3021 1237 3083 hlinoe

113 3123 235 3184 proavo
248 3105 338 3183 longa
351 3105 502 3165 dubitatio
524 3114 586 3179 cst,
608 3105 681 3183 quin
703 3125 719 3164 a
741 3125 867 3166 numero
880 3107 1022 3164 virorum
1033 3104 1153 3186 pridem
1166 3116 1236 3168 ente

115 3191 289 3254 excesserit.
332 3190 396 3250 lmo
412 3209 486 3252 vere
500 3211 518 3251 a
534 3189 654 3250 filiabus
669 3191 772 3250 Cocali
792 3189 962 3251 trucidatus
977 3198 1039 3249 est:
1062 3189 1090 3247 si
1103 3192 1233 3250 Eusebio

113 3273 210 3351 fides,
231 3275 317 3354 prius
332 3275 451 3336 circiter
470 3275 616 3352 trienni03
638 3275 691 3334 sed
711 3275 880 3341 secundum
900 3275 1121 3336 exactissimam
1141 3278 1235 3336 ratio·

115 3379 190 3420 uem
203 3360 345 3420 Gulielmi
359 3359 470 3420 Lloidii
482 3359 628 3440 Episcopi
641 3357 843 3440 Araphensis,

284 3442 421 3526 Ανδρός,
443 3440 481 3508 iio
495 3439 563 3508 οὔτ’
580 3445 680 3508 αἰνεῖν
689 3451 767 3508 τοῖσι
781 3448 903 3508 κακοῖσι
914 3440 1023 3524 θέμις,
1037 3478 1042 3486 ·
1248 3461 1276 3518 0
1292 3465 1326 3520 25

118 3535 191 3594 ante
204 3529 289 3592 anuis
302 3530 406 3596 solidis
420 3539 550 3611 quatuor
564 3540 594 3590 et
604 3529 726 3608 viginti,
749 3550 837 3609 quana
860 3529 970 3590 Atreus
984 3545 1111 3604 regnum
1126 3547 1235 3607 capes·

117 3624 210 3676 seret
253 3615 351 3689 Quam
369 3615 408 3675 eb
426 3613 588 3680 raptaue
605 3615 695 3674 facile
714 3615 816 3694 patior
820 3658 832 3689 ,
854 3624 890 3673 ut
909 3622 1055 3692 corrupta
1072 3613 1124 3672 illa
1142 3615 1238 3676 verba

117 3700 255 3762 Erotiani
280 3695 450 3781 Εὐριπίδης
477 3700 510 3764 lo
534 3698 638 3780 Κλοιοὶ
664 3702 758 3778 magis
778 3700 934 3778 magisque
954 3721 973 3758 a
994 3696 1101 3758 Grotio
1124 3697 1237 3778 depra-

117 3794 251 3846 ventur:
279 3785 347 3862 sed,
371 3785 454 3865 quod
471 3785 511 3846 ad
525 3787 679 3863 vulgatam
699 3785 859 3845 lectionem
878 3785 1016 3864 proxime
1030 3781 1163 3864 accedit,
1185 3805 1239 3843 au·

77 3919 80 3924 a
119 3879 189 3930 ctor
213 3891 276 3931 esse
294 3870 407 3949 ausim,
438 3880 472 3938 ut
494 3869 620 3952 posthac
640 3871 673 3936 ἐν
695 3874 831 3934 utum
849 3869 1030 3948 corrigatur.
1074 3867 1120 3926 lta
1138 3876 1238 3928 tetum

119 3954 179 4018 crit
200 3956 328 4034 simplex
351 3966 383 4018 et
405 3975 516 4033 uuum,
539 3955 637 4018 emnia
658 3955 716 4016 sibi
736 3955 934 4026 constabunt,
962 3953 1100 4032 bellaque
1123 3972 1240 4014 conre-

118 4039 222 4098 nient:
244 4041 359 4116 Minos,
383 4039 495 4106 chorus
518 4041 701 4119 Mystarum,
728 4039 893 4119 Pasiphae,
912 4041 1027 4104 icarus.
1069 4037 1139 4096 Non
1162 4057 1239 4121 epus

120 4123 181 4184 crit
193 4120 329 4196 κλώθων
345 4122 382 4188 aa·
398 4119 601 4207 dolyataoro.
647 4127 771 4202 Restat,
791 4134 827 4184 ut
848 4125 886 4186 de
904 4125 965 4187 leci
988 4121 1081 4204 hujus
1097 4121 1240 4202 Porphy-

120 4207 198 4268 riani
215 4211 300 4275 oriris
320 4211 443 4290 quidem
465 4211 564 4270 modis
586 4211 722 4272 mendosi
745 4212 875 4278 lectione
890 4219 1030 4273 accurate
1049 4207 1239 4290 quantumin

120 4293 208 4356 uobis
224 4305 284 4380 est,
300 4306 334 4360 st
349 4297 499 4379 exquisita
511 4297 713 4378 disputemus:
