2950 4817
225 242 284 323 'vr
431 206 436 216 “
664 246 950 368 rssnssrro.
1051 291 1056 303 -

248 426 393 495 loannes
425 422 675 509 Damascenus,
711 446 815 514 quem
845 422 983 492 saeculo
1014 426 1137 490 octavo
1161 420 1276 491 medio
1301 444 1366 491 ex-

246 530 406 599 stinctum
439 534 588 613 constat,
621 526 772 595 oratione
802 529 902 595 tertia
935 526 979 593 de
1004 524 1209 618 Imaginibus
1243 527 1278 594 iu
1308 527 1366 593 fa-

249 634 331 703 bula
363 630 512 721 quadam
542 630 710 699 narranda
735 629 864 697 Malala
895 638 1009 698 utatur
1033 638 1188 714 auctore,
1220 629 1365 698 itacius

249 734 475 804 testimonium
502 732 606 801 eludit
630 743 668 801 ut
694 735 880 801 orationem
907 733 1001 801 illam
1024 754 1127 823 posse
1153 733 1365 825 suppositam

248 862 324 908 esse
349 837 450 909 dicat.
503 836 603 920 Quae
629 859 731 926 quam
757 838 844 905 levia
869 836 933 903 sint
957 835 1058 903 facile
1077 845 1229 928 apparet
1263 835 1366 904 loan-

250 944 299 1011 nis
327 940 527 1011 Damasceui
553 940 727 1009 orationes·
746 941 878 1009 tetiam
902 939 989 1007 inter
1019 946 1054 1007 et
1080 939 1261 1007 secundam
1286 948 1366 1006 tan-

248 1055 284 1113 ta
308 1042 487 1113 intercedit
507 1064 620 1109 rerum
643 1044 792 1111 omnium
814 1041 994 1111 similitudo
1019 1050 1057 1109 ut
1082 1042 1108 1108 si
1129 1042 1235 1110 altera
1254 1065 1275 1108 a
1294 1064 1365 1132 quo

247 1148 375 1240 scriptu
407 1155 496 1215 esset
520 1146 722 1233 nesciretur,
744 1148 802 1215 ab
834 1145 957 1215 eodem
982 1146 1098 1216 ambas
1120 1144 1259 1216 lromine
1278 1167 1366 1237 pro-

248 1250 355 1319 fectas
387 1272 461 1318 esse
492 1272 593 1316 nemo
635 1250 693 1339 qui
739 1251 871 1341 legeret
902 1271 972 1317 nou
1004 1256 1094 1317 esset
1127 1249 1365 1339 suspicaturus.

150 1438 152 1445 Ι
249 1353 323 1425 Sed
356 1351 484 1421 etiamsi
518 1352 702 1421 certissime
735 1352 958 1421 demonstrari
988 1358 1105 1443 posset
1135 1352 1268 1419 tertiam
1296 1374 1366 1420 non

250 1480 324 1526 ease
349 1455 498 1541 loannis,
526 1478 566 1523 ea
587 1477 625 1523 re
651 1478 695 1523 ue
715 1456 889 1524 minimum
911 1454 1050 1546 quidem
1071 1454 1142 1522 eius
1156 1453 1201 1521 de
1215 1452 1367 1523 Malalae

249 1566 359 1629 aetate
384 1559 609 1627 testimonium
637 1566 836 1630 mutaretur.
896 1558 1085 1647 Utramque
1126 1556 1216 1626 enim
1240 1556 1368 1626 eodem

248 1664 412 1754 scriptam
457 1684 530 1732 esse
570 1670 727 1753 tempore
767 1663 826 1731 illo
865 1684 936 1751 quo
975 1660 1156 1731 anatliema
1203 1660 1367 1729 adsersus

247 1766 401 1836 Leonem
425 1764 591 1857 Episoepi
618 1764 765 1835 Orientis
790 1765 1003 1833 minabantur
1025 1764 1167 1853 quidem
1190 1763 1255 1833 serl
1277 1784 1368 1832 uon-

251 1868 333 1938 dnm
347 1868 614 1961 pronunciabant
639 1892 682 1937 ex
708 1892 751 1939 eo
765 1880 860 1939 recte
873 1862 1025 1960 'collegit
1040 1868 1234 1958 Lequienus
1252 1868 1320 1937 vol.
1340 1867 1367 1935 l

250 1996 288 2065 p.
304 1970 392 2041 uuo.
419 1969 515 2062 quod
540 1971 663 2041 eadem
686 1973 721 2041 in
746 1980 889 2061 utraque
902 1972 1009 2041 verba
1027 1981 1105 2040 sunt
1126 1995 1164 2064 p.
1178 1969 1266 2039 832.
1283 1980 1368 2061 etp.

180 2100 185 2107 ·
251 2072 341 2148 346.
392 2073 461 2147 sois
493 2071 641 2167 ἄγγελος
670 2074 740 2149 usu
769 2068 940 2168 βασιλεῦς
973 2070 1243 2173 εὖσγγελίζησσι
1272 2071 1370 2167 ὑμᾶς

251 2173 341 2274 παρ’
376 2176 400 2250 ὃ
430 2171 680 2273 παρελάβετε,
714 2176 880 2251 κλείσαιτε
912 2170 979 2257 acic
1009 2170 1139 2257 duodo·
1177 2172 1273 2250 ὀσνσῖ
1296 2169 1368 2272 reip

250 2282 339 2360 stuc
365 2281 493 2362 sissia,
504 2374 508 2383 .
519 2276 565 2361 oio
581 2282 651 2376 ἔφη
669 2277 690 2353 ὁ
708 2286 811 2361 θεῖος
825 2273 1044 2368 ἀπόστολος,
1070 2274 1247 2373 ἀνάθεμα
1258 2280 1371 2356 ἔστω,

252 2375 485 2473 ἐκδεχόμενος
512 2376 581 2478 τήν
609 2377 821 2479 διόρθωσιν.
873 2382 1007 2452 nouus
1032 2404 1116 2451 vero
1139 2381 1235 2469 quod
1263 2379 1370 2467 addit,
1414 2458 1418 2463 ,

252 2485 281 2555 si
305 2484 413 2553 minus
437 2492 545 2555 tutam
575 2486 761 2557 orationem
792 2486 904 2565 illam,
937 2490 1030 2551 certe
1055 2483 1169 2549 loeum
1195 2505 1215 2551 e
1239 2480 1370 2551 Mnlala

253 2596 453 2677 excerptum
484 2587 560 2653 fleri
589 2608 694 2677 posse
724 2594 764 2651 ut
797 2583 918 2674 aliquis
951 2584 1221 2675 interpolaverit,
1259 2586 1370 2654 verbo

251 2688 423 2759 monuisse
455 2685 581 2758 suffieit
610 2708 680 2757 non
711 2687 843 2757 meliori
874 2708 953 2755 eum
981 2686 1267 2756 rationedictum
1293 2712 1369 2757 esse

145 2840 148 2849 ·
251 2812 355 2883 quam
388 2810 478 2879 quae
510 2788 555 2863 ds
589 2787 792 2875 Clementis,
823 2788 1028 2883 Theophili,
1059 2790 1227 2881 Hesychii
1258 2800 1371 2861 aetate

252 2914 333 2965 suae
359 2891 508 2984 opinioni
544 2891 726 2963 commoda
756 2890 960 2961 hariolatur:
994 2892 1042 2961 ad
1074 2915 1164 2983 quae
1189 2894 1285 2983 quod
1308 2916 1369 2963 re-

253 2994 416 3089 sponderi
447 3015 550 3086 posse
582 2996 690 3086 quivis
721 2996 879 3088 intelligit
912 2995 1088 3087 respoudit
1111 2995 1308 3086 Loquieuus
1332 3022 1370 3090 p.

254 3097 342 3167 868.
394 3096 449 3165 De
482 3097 588 3188 ipsius
619 3109 733 3169 autern
758 3097 907 3168 Malalae
940 3099 1077 3191 ingenio
1106 3122 1305 3192 summaque
1334 3110 1372 3169 et

254 3200 386 3271 inscitia
411 3207 456 3289 et,
484 3200 512 3267 si
537 3220 615 3269 eum
637 3201 857 3293 scriptoribus
884 3203 1001 3295 paullo
1016 3203 1258 3293 antiquioribus
1284 3226 1371 3271 oon-

255 3304 400 3391 leratur,
440 3304 599 3373 sermonis
638 3305 794 3373 barbarie
834 3306 891 3394 qui
927 3306 975 3375 ita
1007 3306 1126 3375 sentiat
1155 3318 1195 3375 ut
1230 3306 1372 3399 indigua

256 3407 436 3477 arbitretur
454 3404 593 3479 homine
619 3408 709 3500 syro
730 3408 855 3479 saeculi
880 3408 964 3477 sexti
988 3410 1164 3501 septimius
1189 3433 1269 3478 eum
1291 3412 1372 3477 vul-

257 3532 306 3605 go
340 3509 509 3598 loquenti,
543 3511 654 3602 ipsam
692 3534 767 3579 rem
799 3509 1022 3601 Byzantinuu
1052 3522 1191 3603 oportet
1224 3514 1371 3606 ignoret.

256 3612 365 3683 Aliter
414 3610 601 3682 iurlioamnt
650 3614 711 3683 viri
766 3636 881 3683 rerum
922 3614 1188 3705 Byzantiuamm
1233 3616 1373 3709 peritis-

258 3715 349 3802 simi,
381 3714 539 3784 Reislrius
565 3725 600 3787 et
623 3716 820 3789 Gibbouus:
854 3738 998 3806 quorum
1032 3720 1117 3787 ulter
1138 3720 1266 3788 Hister.
1292 3742 1370 3811 cap.

257 3818 334 3890 XL.
367 3824 479 3889 nnnot
506 3817 568 3889 11.
603 3818 768 3889 Muluium
799 3820 894 3889 brevi
925 3830 1005 3913 post
1036 3820 1254 3891 lastinianum
1278 3822 1372 3890 sori-

257 3921 365 4013 psisse
391 3922 566 3989 assentitur
598 3922 724 3991 lortino
758 3922 989 4020 Animadvers.
1020 3926 1087 3993 vol.
1113 3925 1171 3994 Ν.
1204 3948 1240 4017 p.
1262 3919 1390 3994 383ss

260 4044 329 4113 qus
352 4022 427 4114 ipsa
440 4023 517 4093 libri
528 4026 613 4095 illius
627 4034 726 4116 parte
737 4048 807 4118 ego
821 4050 879 4097 me
892 4050 997 4120 aegre
1014 4026 1090 4097 fero
1106 4050 1241 4110 σπεῖος
1265 4028 1372 4096 Reis-

260 4124 335 4193 kius
373 4132 485 4193 auum
523 4127 571 4195 ita
604 4130 717 4199 scribit
750 4130 785 4197 iu
818 4128 1070 4199 Commentario
1104 4131 1150 4199 ad
1176 4130 1372 4201 Constanu'·

259 4248 342 4299 num
372 4230 547 4319 praeclare
571 4252 680 4324 nuper
700 4240 803 4301 aucto
834 4256 872 4325 p.
896 4229 984 4304 855.
1017 4227 1277 4334 „Martiusque
1301 4256 1370 4327 pro
