2950 4817
338 966 955 1108 Pnnuun'flo

186 1184 592 1259 Lunovlci
641 1186 1105 1259 IllNllOliFll.

74 1600 78 1609 ’
115 1536 233 1647 loannis
259 1576 416 1649 Malaiae
446 1579 754 1675 chronographiae
782 1604 868 1653 unus
895 1591 948 1653 est
972 1582 1083 1653 codex
1106 1579 1206 1653 Oro·

114 1682 212 1749 niensis
237 1681 487 1773 Buroccianus‚
522 1708 565 1755 ex
598 1708 667 1775 quo
701 1686 907 1779 descriptam
944 1688 989 1753 ah
1017 1686 1206 1755 Edmundo

113 1783 300 1874 Chilmeado,
327 1810 435 1878 quum
457 1790 485 1857 is
499 1798 609 1857 morte
629 1798 831 1881 praeuentus
848 1798 946 1876 esset,
966 1785 1078 1869 ¹edidit
1091 1790 1205 1857 llum-

113 1886 207 1957 iredus
230 1890 367 1959 Hodius
403 1894 502 1981 eique
534 1894 580 1961 itu
606 1892 780 1985 praefatus
805 1902 858 1961 est
886 1902 926 1961 ut
961 1892 1047 1961 mihi
1072 1893 1116 1961 de
1143 1915 1205 1959 co-

112 1989 173 2058 dice
202 2000 234 2059 et
263 1992 473 2064 Ghilmeudo
503 1995 601 2081 nihil,
634 2015 747 2088 pauco
778 1995 1015 2088 descriptore
1047 2006 1083 2063 et
1105 1994 1205 2065 huius

112 2093 240 2165 editionis
264 2099 399 2169 ratione
425 2095 571 2168 diceudo
586 2100 773 2192 'supersint
825 2098 961 2171 loannis
992 2098 1080 2167 lihro
1106 2096 1205 2167 Oxo·

111 2196 196 2265 nicusi
218 2223 325 2289 qnnru
346 2212 380 2269 et
404 2202 485 2270 initii
510 2226 591 2295 pars
615 2224 686 2270 non
707 2202 830 2295 exigue
859 2213 894 2270 et
918 2202 981 2271 ‘snb
1006 2197 1111 2271 linem
1135 2222 1206 2269 non

115 2310 218 2369 contat
241 2314 371 2392 quante
403 2307 558 2396 perierit,
589 2306 677 2374 illius
709 2306 872 2373 iacturam
902 2307 999 2374 sarsit
1030 2303 1205 2374 Chilmeo-

116 2399 166 2467 dus
193 2424 228 2469 er
249 2407 322 2471 alio
357 2408 508 2477 eiusdem
533 2409 761 2477 bibliothecae
792 2408 1058 2501 chronographo
1083 2427 1205 2477 mann-

113 2504 230 2594 scripto‚
264 2528 371 2595 quern
403 2506 593 2599 Georgium
625 2511 832 2579 monachum
866 2531 957 2598 esse,
988 2511 1096 2601 vulgo
1128 2511 1206 2577 Ho-

113 2608 268 2675 unrtolum
303 2608 452 2694 dictum,
488 2610 551 2711 sibi
590 2614 755 2702 persuasit
785 2612 938 2678 Hodlusz
977 2612 1060 2677 mihi
1092 2613 1206 2701 ipsum

113 2710 266 2779 exordium
299 2733 378 2780 cum
410 2712 554 2805 Georgii
586 2712 755 2804 particula
787 2712 833 2779 ab
857 2712 984 2781 Allutio
1012 2711 1103 2781 edita
1135 2734 1205 2781 non

112 2812 147 2879 itu
174 2815 348 2883 convenire
379 2817 488 2883 visum
521 2824 588 2902 est,
628 2818 709 2905 quin
744 2816 944 2908 scriptorem
976 2813 1205 2888 oxoniensem

114 2913 281 3009 Georgium
307 2942 351 2986 an
377 2941 480 3008 quem
512 2920 613 2987 olium
639 2920 759 2987 haberi
783 2927 942 3009 oportent
974 2919 1046 2987 eins
1079 2918 1205 3001 iudicio

113 3020 281 3111 relinquere
302 3022 477 3090 maluerim
499 3024 553 3089 cui
574 3018 742 3115 integram
764 3031 857 3089 certe
881 3030 1016 3113 partem
1041 3024 1086 3089 ob
1106 3021 1204 3092 Chil-

113 3124 217 3193 nesdu
242 3125 367 3195 editam
393 3148 471 3194 cum
498 3126 652 3218 Georgio
684 3124 912 3194 contendendi
937 3126 1038 3216 copia
1070 3133 1105 3192 et
1130 3125 1203 3192 ani-

113 3246 173 3293 mus
199 3229 307 3301 fuerit.
365 3228 480 3315 Quum
513 3230 603 3297 enim
629 3226 969 3321 chronographorum
995 3228 1205 3318 Byzantino-

113 3350 173 3397 rom
195 3332 277 3400 alter
302 3332 437 3401 ulterius
463 3332 556 3401 simia
582 3334 641 3419 sit,
676 3330 703 3401 si
737 3333 795 3420 qui
820 3354 885 3424 per
910 3331 1038 3419 aliquot
1060 3332 1204 3423 paginus

115 3430 303 3504 adverbum
326 3457 442 3505 seeum
464 3436 689 3521 consentiunt,
717 3456 787 3503 non
815 3443 867 3502 est
894 3454 956 3500 cur
979 3434 1203 3502 existimemus

114 3556 167 3602 non
195 3542 266 3607 esse
296 3538 450 3607 homiues
484 3539 570 3607 inter
603 3562 640 3607 se
665 3538 825 3606 diversos.
876 3536 1059 3605 Extremae
1090 3544 1204 3605 autem

114 3633 241 3708 lllalalae
292 3643 398 3733 partis
440 3640 640 3711 detrimento
691 3664 795 3731 quum
833 3641 999 3708 incertum
1037 3639 1202 3706 reddatur

116 3744 334 3813 concluseritue
373 3746 430 3815 ille
470 3766 548 3813 curn
579 3744 759 3814 lurduianc
791 3766 835 3811 an
859 3744 997 3811 ulterius
1025 3741 1202 3810 deduxerit

116 3842 420 3939 chronographiam·
438 3870 549 3933 suam,
586 3870 697 3938 eoque
730 3846 840 3915 maior
874 3844 1002 3913 orietur
1036 3844 1201 3912 dubitatio

114 3950 229 4033 qnando
249 3952 325 4042 ipsc
347 3952 515 4044 putandus
537 3951 733 4037 divisisse,
761 3948 895 4017 Hcdius
916 3948 1008 4017 omni
1030 3970 1098 4041 ope
1121 3970 1201 4015 cun·

115 4052 205 4120 tendit
221 4064 258 4121 ut
276 4054 411 4123 saeculo
422 4078 513 4123 nono
539 4057 664 4124 ineunti
685 4055 883 4122 admoveret
907 4054 1107 4142 scriptorem
1123 4058 1201 4117 tnn-

116 4159 160 4219 lte
188 4156 331 4226 inscitiae
364 4166 400 4226 et
430 4159 607 4227 barbariae
647 4167 774 4249 quantu
805 4156 841 4224 in
873 4175 994 4223 aerum
1020 4153 1202 4220 iustiniano

118 4260 322 4350 propinquum
344 4261 468 4331 cadere
493 4263 524 4332 ei
556 4285 626 4333 non
650 4284 755 4357 pesse
779 4258 958 4329 videretur.
1019 4256 1202 4346 Quumque
