2950 4817
388 266 853 339 cunonoanarum.
896 269 932 336 n.
953 269 1009 338 xa
1175 281 1249 354 με

145 470 218 529 ταν,
241 449 294 514 ταί
309 443 411 533 πάσης
426 449 462 515 δὲ
477 454 533 541 τῆς
545 443 674 528 πόλεως,
701 445 846 532 στρώσας
860 449 917 520 τίεν
932 449 983 518 decl
998 452 1128 534 μυλίτου
1144 455 1250 538 λίθου,

146 553 179 616 lx
194 558 259 618 τῶν
277 555 363 619 ἰδίων
376 552 507 637 άγοθῶν
522 557 633 628 λίθους
646 551 706 618 ἀπὸ
724 555 886 636 Θηβαίδος
899 557 949 620 καί
964 553 1004 622 τά
1021 557 1055 621 δὲ
1067 557 1158 622 λοιπά
1174 557 1252 624 ἄνα-

145 652 276 736 λάματα
300 657 332 720 lx
355 663 418 721 τῶν
442 657 528 724 ἰδίων
549 654 847 742 φιλοτιμησάμενος,
881 668 990 735 κυθιυς
1018 665 1069 724 καί
1096 661 1128 726 ίν
1146 665 1252 749 λιθίνη

145 761 239 824 nicol
259 757 386 844 γράψας
402 756 520 840 ταύτην
534 758 592 844 τὴν
605 762 780 847 φιλοτιμίαν
801 760 926 844 ἔστησεν
949 762 1046 847 αὐτὴν
1065 763 1097 828 ἓν
1112 770 1151 850 τῇ
1170 762 1251 851 πάλη

120 869 184 948 ὁπῇ
205 865 351 949 λεγομίνῃ
375 867 438 928 τῶν
459 865 639 950 Χερουβίμ·
667 864 785 930 ίιιεῖθεν
805 865 865 952 γάρ
886 864 1012 952 ἤρξατο.
1065 865 1132 948 η’τις
1152 863 1250 952 στήλη

143 967 227 1031 ἐστὶν
243 966 299 1040 ίιος
312 971 370 1048 τῆς
382 971 439 1032 νῦν
454 967 530 1050 ἐκεῖ,
555 963 598 1043 ὥς
608 965 743 1052 μεγάλης
756 965 852 1052 οάσης
866 975 923 1052 τῆς
936 971 1121 1056 φιλοτιμίας.

214 1067 334 1135 Ἔκτισε
358 1071 393 1134 dd
414 1072 465 1134 καί
482 1071 514 1136 ίν
527 1073 702 1160 Καισαρείᾳ
717 1076 774 1154 τῆς
789 1075 1002 1156 Παλαιστίνης
1022 1069 1172 1160 λουτρόν,
1198 1077 1250 1142 καλ
1266 1083 1292 1137 ll

142 1172 177 1237 ίν
201 1174 394 1262 Νινομηδιίρι
413 1179 470 1256 τῆς
493 1175 646 1251 Βιθυνίας
671 1177 723 1240 καί
747 1175 778 1238 ἓν
796 1174 915 1264 Ἐφέσῳ
936 1182 993 1259 τῆς
1017 1173 1137 1254 Ἀσίας·
1171 1175 1250 1268 άπερ
1269 1187 1294 1240 0
1311 1188 1364 1244 ³68

143 1271 280 1360 δημόσια
292 1275 410 1360 λουτρά
421 1279 466 1354 είς
477 1277 515 1344 τὸ
528 1277 607 1342 ἴδιον
619 1273 797 1344 ἐπεκάλεσεν
810 1275 919 1360 ὄνομα.

104 1385 138 1438 10
219 1381 286 1444 Καί
300 1378 443 1445 ἀνελθὼν
464 1381 513 1444 tut
524 1376 645 1465 Ῥώμην
658 1379 773 1446 ἔκτισεν
790 1382 822 1446 ἐν
836 1387 875 1468 τῇ
886 1377 988 1467 Ῥώμῃ
1003 1378 1122 1466 ἀγωγὸν
1136 1379 1249 1467 μίγαν·

142 1481 194 1548 ccl
207 1480 318 1547 ἔκαυσε
334 1482 408 1557 τούς
419 1480 541 1568 χόρτος
553 1489 609 1550 τοῦ
624 1485 777 1566 ταμιείου,
796 1483 842 1569 tp’
862 1480 907 1560 οίς
922 1480 942 1567 ἦ
958 1479 1128 1568 σύγκλητος
1143 1480 1252 1571 ἐγγρά-

141 1609 211 1671 parc
234 1581 429 1670 ὦμολόγησεν
454 1588 503 1651 tut
525 1593 583 1652 roei
599 1589 762 1671 Καίσαρος
775 1585 904 1652 Ἰουλίου
924 1591 956 1652 Γ
953 1591 1022 1652 α’ίου
1028 1635 1039 1667 ,
1065 1586 1137 1674 παρ’
1154 1587 1251 1653 αὐτοῦ

140 1688 373 1768 κελευσθέντες,
395 1688 440 1772 μὴ
462 1692 571 1766 ἐξεῖναι
597 1687 797 1774 συγκλητικὸν
822 1687 978 1773 διαθήκην
1002 1699 1099 1755 ποιεῖν
1118 1691 1160 1767 είς
1175 1690 1250 1766 τούς
1266 1705 1292 1757 V
1310 1707 1361 1762 120

141 1791 258 1870 ἰδίους,
280 1793 307 1856 εί
319 1790 365 1875 μὴ
379 1790 415 1857 cd
427 1789 524 1875 ἥμισυ
537 1791 631 1877 μίρος
644 1798 700 1874 τῆς
715 1789 814 1857 αὐτοῦ
830 1795 1005 1876 περιουσίας
1021 1794 1194 1858 διατίθεται
1211 1796 1253 1870 εἷς

101 1901 133 1954 15
143 1895 198 1960 τὸν
213 1892 294 1958 κατά
311 1894 418 1978 καιρὸν
434 1895 582 1974 βασιλία,
610 1893 738 1981 εἴρηκάς
755 1891 772 1960 ὅ
790 1895 883 1970 αὐτὸς
899 1894 1118 1974 εὐσεβίστατος
1139 1895 1253 1964 Ἀντω-

139 2008 225 2072 νῖνος
246 1996 299 2061 διά
316 1999 407 2062 θείου
431 1996 530 2062 αὐτοῦ
554 1994 652 2064 τάπου
676 1997 806 2064 ἕκαστον
830 1994 995 2064 ἀπολαύειν
1017 2005 1078 2064 τῶν
1100 2001 1186 2064 ίδίιυν
1202 2002 1254 2066 καλ

139 2096 350 2183 βουλεύεσθαι
364 2096 407 2175 ὥς
419 2101 514 2168 θέλει.

216 2198 255 2268 ‘O
268 2203 303 2266 δὲ
316 2201 410 2278 αὐτὸς
417 2202 607 2283 Ἀντωνῖνος,
631 2200 675 2279 ὥς
689 2203 772 2269 ίστίν
787 2204 819 2270 ἓν
831 2203 965 2296 Λωρίρ),
989 2201 1124 2281 νοσίσας
1136 2201 1254 2291 ἦμίρας

139 2304 246 2390 ὀλίγας
261 2304 416 2372 ἀπέθανεν
423 2355 433 2386 ,
459 2305 502 2372 ὢν
518 2307 664 2373 ἐνιαυτῶν
677 2303 731 2385 οξ.

99 2419 135 2472 20
221 2408 314 2474 Μετὰ
337 2409 371 2472 dl
394 2407 450 2490 τὴν
474 2412 634 2489 βασιλείαν
652 2408 831 2472 Ἀντιονίνου
847 2409 1024 2490 ἐβασίλευσε
1037 2405 1172 2495 Μάρκος
1187 2408 1255 2474 Ἀν-

140 2521 268 2586 τωνῖνος
294 2506 311 2574 ὃ
335 2507 519 2596 φιλόσοφος,
543 2506 648 2584 inita
670 2509 780 2589 αὐτοῦ,
804 2507 856 2594 ίτη
878 2509 918 2594 ιη’
936 2515 986 2576 καί
1001 2518 1103 2595 μῆνας
1117 2510 1162 2578 θ’.
1216 2505 1255 2596 ἦν
1274 2526 1369 2582 0869

143 2616 178 2679 δὲ
205 2610 400 2696 κονίοειιλής,
435 2609 565 2692 λεπτός,
592 2608 718 2693 λευκός,
746 2611 943 2694 μιξοπίλιος,
971 2612 1156 2702 κονδάθριξ,
1186 2611 1255 2680 εὐά-

143 2723 311 2804 ρθαλμος,
339 2713 504 2801 εὕπάγων,
531 2713 837 2802 λεπτοχαράντηρος,
864 2714 1062 2806 μανρόρινος.
1115 2714 1182 2784 ὅδὲ
1196 2718 1295 2792 cai-B

212 2902 238 2955 l·
255 2897 327 2971 τήν]
344 2894 436 2969 cirtio
452 2897 502 2954 (ih.
572 2899 615 2954 18.
635 2897 736 2968 Δωρίῳ
755 2898 823 2963 Ota,
841 2897 939 2970 Λαρίφ
957 2897 1007 2950 Ch.

141 3053 220 3109 haide
238 3060 391 3126 exportato,
408 3053 549 3124 sumptibus
566 3053 679 3124 propriis
695 3051 899 3108 stralnminevile
924 3051 964 3106 ull
982 3055 1133 3106 constater
1151 3053 1254 3108 Tabula

139 3124 263 3193 lapidee,
287 3142 378 3194 quem,
394 3123 472 3180 titulo
489 3125 698 3192 magnificentiae
715 3125 790 3191 hujus
807 3123 972 3192 inscriptam,
999 3123 1034 3175 ed
1051 3123 1254 3178 cherubinorum

139 3203 261 3264 ρστειιυ,
276 3195 346 3248 ande
361 3194 477 3264 incoepit
491 3211 571 3264 opus,
588 3193 685 3245 erarits
703 3191 773 3260 quod
791 3191 893 3261 quidem
909 3199 1095 3246 monumentum
1113 3191 1189 3246 etiam
1207 3191 1255 3244 ad-

140 3267 194 3316 hue
209 3262 249 3315 ihi
265 3261 374 3327 visitur,
402 3265 430 3316 in
446 3264 515 3316 tanti
530 3262 616 3332 operis
634 3261 787 3313 memoriam.

211 3331 283 3384 ldem
310 3333 389 3385 etiam
412 3333 560 3385 Caesareae
583 3330 746 3383 Palaestinae
764 3329 885 3380 Balneum
922 3327 1031 3380 ublicnm
1049 3325 1180 3380 extruxit:
1203 3325 1255 3380 Ni-

140 3401 275 3453 comediae
292 3401 371 3454 etiam
391 3401 547 3470 Bithyniae,
563 3397 651 3462 eliada
678 3398 757 3450 etiam
775 3397 847 3450 alind
863 3397 905 3467 Ep
941 3396 1006 3448 siin
1023 3397 1100 3460 Asina
1127 3395 1212 3452 amnia
1228 3397 1255 3450 in

140 3486 234 3524 momen
251 3484 323 3522 auum
340 3471 465 3524 recitata.

212 3539 320 3593 Romam
338 3548 424 3592 eutem
438 3555 572 3601 reversus,
596 3553 714 3604 meorum
729 3533 768 3590 ibi
786 3533 980 3604 llquaednctnm
1000 3531 1125 3587 condidit.
1160 3533 1257 3603 Legem

140 3613 228 3662 autem
245 3627 262 3662 e
278 3608 350 3662 Jnlio
368 3608 482 3662 Caesen
497 3607 558 3660 olim
575 3606 668 3669 latam,
692 3623 745 3675 qua
762 3614 865 3658 cautum
884 3609 958 3667 erat,
985 3620 1018 3654 ne
1035 3605 1107 3671 cnjus
1125 3603 1257 3656 Senatorii

141 3677 242 3732 ordinis
257 3677 310 3730 riri
325 3685 411 3731 ratum
428 3683 496 3730 esset
512 3677 546 3728 de
560 3677 635 3728 bonis
652 3674 702 3728 suis
721 3675 931 3737 Testamentum,
958 3669 1046 3725 nisisi
1063 3671 1193 3728 dimidiam
1210 3691 1257 3728 eo-

141 3763 201 3800 rum
219 3755 318 3815 partem
334 3746 490 3816 Imperatori
507 3762 556 3813 pro
573 3753 693 3812 tempore
710 3743 840 3813 legasset,
858 3740 1028 3812 pientissimus
1047 3741 1191 3796 Antoninus
1209 3743 1258 3796 eb·

142 3815 265 3884 rogavitc
293 3817 463 3885 syngraphas
479 3816 557 3868 etiam
580 3811 710 3876 Fiscales,
761 3811 834 3867 nibus
852 3810 952 3864 adhoc
969 3810 1093 3864 Senatum
1112 3813 1258 3865 obstrinxe-

141 3892 202 3948 rat,
224 3886 410 3938 comburendas
428 3885 518 3948 dedita
545 3880 631 3936 divino
649 3899 696 3934 suc
713 3830 826 3948 Edicto,
851 3880 966 3933 omnihus
984 3879 1138 3934 facultatum
1155 3897 1257 3934 suarum

142 3951 252 4006 liberum
269 3971 342 4006 nsum
359 3962 387 4007 et
403 3951 619 4024 dispensationem
637 3950 789 4003 concedens.

212 4023 356 4076 Antoninos
373 4031 468 4088 autem,
486 4022 547 4075 dnm
564 4019 649 4076 herile
666 4021 882 4085 commorabatur,
899 4017 989 4072 morbo
1007 4022 1153 4088 correptus,
1170 4016 1259 4089 paucis

142 4099 202 4161 post
218 4090 311 4145 diebus
327 4091 440 4157 interiit,
463 4108 557 4146 annum
572 4107 653 4159 agens
672 4105 774 4142 πιπτει.

212 4161 330 4230 Excepit
346 4163 414 4215 hunc
430 4161 535 4215 lllarcos
552 4161 704 4222 lateamus,
721 4157 901 4228 Philosophus,
919 4157 973 4224 ejus
990 4155 1075 4219 filius3
1099 4155 1145 4227 qul
1163 4171 1260 4224 regna-

144 4229 185 4280 rit
201 4247 283 4283 annas
300 4247 366 4282 xvm
388 4238 416 4283 et
431 4248 528 4285 menses
545 4245 582 4282 rx.
618 4229 686 4280 Erat
702 4237 788 4280 eutem
813 4233 915 4278 statura
932 4233 1022 4289 curta,
1051 4242 1161 4294 corpore
1179 4224 1260 4289 tenui,

145 4299 232 4354 colore
249 4299 371 4365 candido,
388 4301 524 4368 enbcanus,
553 4296 680 4369 capillitio
697 4297 784 4362 brevi,
801 4294 883 4349 oculis
899 4293 1024 4367 pulchris,
1040 4295 1174 4359 barbatus,
1191 4291 1260 4348 lacie
