2950 4817
262 259 340 337 752
714 254 926 327 BENI'LEII

261 430 426 511 Anslogist
447 428 583 508 Aeneas,
604 428 791 512 Pythagoras
798 480 808 510 ,
829 430 931 513 Lycm
943 431 1058 495 faciunt
1072 430 1208 508 Amase,
1230 427 1387 509 Pythago.

261 540 330 596 rae,
352 520 461 597 bycae.
515 518 645 591 Quando
670 529 775 577 nostra
796 520 916 579 ratione
934 516 1073 595 nomina,
1097 538 1174 599 quae
1195 517 1336 593 genitivo
1355 518 1387 573 in
1439 564 1440 601 ,

262 604 438 680 Eexeunt,
468 603 655 663 nominativo
676 603 704 661 A
727 602 890 679 finiuntur;
916 615 950 664 ut
971 605 1114 665 Catilinae
1138 604 1283 663 Catilina.
1328 600 1387 659 Sed
1439 610 1440 639 r

261 688 339 749 baec
357 690 472 749 Graeca
487 697 568 763 aunt,
588 688 658 747 ideo
670 688 703 747 in
717 688 743 747 N
748 690 910 749 ominativo
927 694 947 749 S
963 690 1081 749 literam
1093 692 1236 749 retinent.
1286 684 1389 759 Quae-

263 774 333 834 dam
347 784 447 834 tamen
464 773 598 853 perdunt
612 775 632 831 S
645 773 764 833 literam
780 776 812 835 in
828 776 1032 849 nominativo,
1053 784 1089 833 ut
1103 776 1231 849 Nicaea,
1252 772 1389 831 aledea.

262 860 343 939 Ergo
359 863 391 919 in
411 858 459 918 liis
471 859 667 919 nominativis
685 860 872 921 consuetudo
885 860 1036 921 servanda
1051 869 1105 923 est.
1148 860 1208 921 Ubi
1223 856 1390 937 legendum

262 956 327 1025 cst,
348 945 477 1005 Niciaet
490 945 611 1007 Demea.
655 942 732 1005 Vide
748 946 802 1026 Ep.
827 966 896 1029 pag.
918 950 970 1013 83.

347 1115 404 1197 Ep.
425 1136 458 1198 p.
481 1113 534 1179 75.
556 1132 588 1175 v.
609 1110 661 1178 35.
704 1108 764 1173 Sed
780 1132 930 1193 nusquam
955 1114 1026 1175 alibi
1042 1124 1103 1176 tam
1119 1115 1270 1196 frequens
1286 1132 1390 1174 earnm

166 1217 245 1275 095
262 1200 415 1261 vocalium
435 1202 514 1259 inter
532 1218 565 1259 se
581 1199 767 1278 permutatio
792 1208 853 1273 est,
876 1220 965 1279 quam
985 1202 1016 1259 in
1030 1207 1060 1268 2.
1079 1202 1173 1264 codd.
1196 1202 1288 1261 MSS.
1304 1200 1390 1275 longe

262 1286 489 1364 antiquissimis,
511 1284 731 1343 damascinae
748 1302 810 1341 uno
824 1283 856 1341 in
871 1284 1057 1345 Bibliotheca
1072 1288 1175 1364 Regia,
1200 1286 1258 1365 qui
1273 1286 1389 1361 integra

265 1370 388 1432 exhibet
406 1371 505 1428 Biblia
520 1378 550 1427 et
566 1369 709 1449 epistolas
721 1370 751 1429 S.
770 1368 932 1431 Clementis
954 1370 993 1429 ad
1010 1371 1201 1431 Corinthios:
1226 1369 1389 1429 Cantabri-

264 1458 360 1535 gsensi
382 1466 481 1513 autern
503 1454 616 1525 altero,
643 1453 752 1513 mutilo
776 1452 897 1531 quidem
928 1467 959 1516 et
980 1454 1156 1529 decurtato;
1187 1457 1310 1537 quippe
1339 1456 1389 1533 qui
1442 1529 1443 1537 ἵ

263 1542 341 1603 Acta
363 1539 511 1599 duntaxat
534 1536 642 1597 habeat
667 1549 698 1597 et
717 1537 941 1615 Evangelistaa3
977 1558 1085 1599 verum
1112 1539 1197 1600 idem
1222 1562 1241 1601 e
1268 1540 1388 1615 regione
1442 1542 1443 1593 l

265 1633 397 1687 ostentat
419 1623 700 1701 Interpretationem
720 1630 852 1681 veterem
868 1622 1002 1681 Latinam
1015 1622 1054 1681 ad
1070 1626 1200 1685 verbum
1213 1624 1254 1683 de
1272 1626 1388 1682 Graeco

264 1731 457 1791 expressam,
485 1707 690 1783 diguissimam
715 1726 787 1764 sane
809 1726 886 1784 quse
907 1728 946 1766 ex
971 1707 1123 1767 oblivione
1145 1718 1239 1785 atque
1259 1708 1388 1767 tenebris

264 1796 387 1856 tetidem
402 1790 565 1872 aliquando
581 1792 612 1849 in
630 1792 729 1849 lucem
744 1790 859 1853 edatur.
896 1792 1062 1852 Servantur
1076 1794 1164 1852 etiam
1181 1792 1303 1852 Oxonii
1319 1794 1388 1851 Acts

264 1880 499 1961 Apostolorum,
521 1885 670 1935 vetustate
693 1874 817 1954 quidem
840 1875 925 1955 peri,
949 1877 1002 1935 sed
1023 1879 1165 1938 versione
1185 1880 1322 1939 multum
1340 1878 1388 1936 di-

263 1986 371 2040 verss3
393 1973 424 2023 et
435 1962 469 2021 in
485 1960 583 2019 Gallia
597 1960 728 2039 denique
749 1960 903 2041 Epistulae
924 1964 954 2023 S.
971 1962 1072 2038 Pauli,
1097 1964 1151 2043 qui
1168 1965 1275 2025 codex
1291 1974 1324 2024 et
1336 1984 1388 2022 au-

264 2050 406 2130 tiquitste
427 2058 459 2107 et
472 2044 578 2105 Latine
600 2045 749 2106 Versione
769 2054 860 2123 atque
882 2046 959 2106 adeo
981 2048 1151 2126 scripturae
1170 2058 1204 2109 st
1223 2050 1387 2109 voluminis

262 2136 362 2195 forma
389 2130 629 2208 cantabrigiensi
660 2140 766 2189 nostro
796 2130 966 2190 simillimus
993 2142 1039 2192 est
1069 2142 1102 2191 et
1132 2136 1385 2210 germanissimus

263 2222 365 2299 Atque
384 2217 460 2279 haec
479 2216 602 2295 quidem
620 2218 693 2277 talia
711 2216 914 2295 exemplaria,
937 2236 1005 2277 cum
1028 2216 1096 2275 aliis
1118 2216 1265 2277 omnibus
1291 2218 1386 2276 ubivis

259 2304 413 2383 'gentium
436 2302 520 2382 quod
538 2303 685 2377 sciamus,
706 2301 798 2379 lcn'ge
820 2301 968 2379 longeque
987 2310 1018 2361 et
1037 2300 1186 2381 dignitate
1204 2314 1236 2363 at
1252 2312 1387 2381 tempore

264 2391 461 2464 antecedent,
485 2406 583 2466 neque
597 2387 764 2467 quidquam
779 2386 871 2448 bodie
884 2388 1015 2466 supersit
1029 2387 1124 2447 simile
1139 2397 1194 2447 aut
1208 2390 1385 2461 secundum,

265 2496 335 2535 cum
354 2474 442 2535 tineis
464 2473 541 2553 (pru
559 2471 669 2552 dolor)
692 2482 784 2551 atque
801 2471 937 2531 muribus
955 2472 1126 2549 luctantur,
1148 2482 1179 2533 et
1196 2483 1270 2533 utut
1295 2475 1332 2532 iis
1345 2476 1387 2531 in-

266 2560 372 2621 cendia
395 2558 605 2643 pepercerint,
635 2558 705 2639 ipss
728 2556 812 2616 senio
840 2556 920 2619 intra
941 2578 1035 2618 annos
1063 2578 1177 2637 paucos
1204 2578 1272 2618 non
1300 2557 1387 2617 dubie

266 2647 405 2727 peritura
429 2652 509 2706 sunt.
552 2642 600 2704 Tu
618 2663 711 2721 vero,
731 2641 809 2703 Milli
833 2640 1021 2718 doctissime,
1043 2643 1097 2721 qui
1116 2644 1255 2704 omnium
1278 2654 1387 2703 morta-

267 2733 343 2792 lium
362 2730 492 2791 maxime
504 2729 535 2786 iu
555 2749 591 2788 ec
607 2728 709 2787 studio
727 2737 863 2787 versatus
878 2748 924 2804 ss,
944 2748 1004 2787 non
1024 2728 1150 2807 patieris
1169 2726 1255 2789 banc
1271 2728 1387 2788 laudem

265 2816 323 2877 tibi
337 2816 487 2896 praeripi,
508 2813 564 2872 sed
576 2813 740 2874 maturabis
752 2812 923 2873 veneranda
938 2814 991 2872 illa
1007 2814 1134 2891 pignora
1147 2823 1178 2873 et
1191 2824 1387 2874 monumenta

265 2903 428 2962 vetustatis
449 2900 541 2959 scitu
563 2908 594 2959 et
617 2898 745 2959 interitu
765 2898 932 2960 vindicare.
983 2899 1101 2957 Scimus
1124 2900 1205 2959 enim
1223 2908 1257 2961 te
1279 2899 1387 2960 borum

266 2986 402 3047 omnium
416 2985 577 3045 editionem
593 2985 767 3059 instituere,
793 3004 871 3063 quae
885 3002 944 3043 una
957 2982 1065 3064 pagina
1080 2992 1111 3043 et
1132 2983 1165 3042 in
1182 3004 1247 3045 uno
1259 3005 1389 3064 conspe·

267 3081 321 3132 ctu
336 3072 476 3131 codicem
489 3070 577 3130 Alex.
602 3069 655 3149 qui
678 3069 821 3129 familiam
841 3070 951 3145 ducet,
974 3078 1005 3127 et
1024 3068 1307 3147 cantabrigiensem
1321 3090 1387 3129 ctam

265 3159 406 3219 versione
423 3174 495 3233 sus,
518 3164 609 3235 atque
622 3154 676 3215 ubi
693 3154 746 3214 hic
763 3153 880 3232 deficit,
902 3151 1105 3213 Oxoniensem
1127 3154 1278 3235 deinceps
1301 3165 1388 3233 utque

163 3301 166 3308 ,
268 3243 420 3303 Gallicum
435 3250 656 3320 repraesentete
680 3260 755 3320 quae
770 3240 900 3319 singulas
924 3241 1026 3299 literas
1046 3249 1136 3319 atque
1161 3240 1267 3321 spicea
1290 3260 1386 3301 uern-

266 3328 417 3411 plsrium,
439 3329 529 3385 etiam
539 3325 625 3385 ubis
643 3326 774 3387 librariis
789 3335 947 3407 peccatum
962 3334 1023 3400 est,
1046 3334 1186 3386 sccurste
1204 3336 1235 3385 et
1248 3327 1387 3403 religiose

267 3414 480 3494 subsequatur.
522 3410 606 3471 llilril
618 3412 664 3472 illi
677 3431 834 3493 purpurae
847 3422 986 3471 assuetus
1000 3410 1134 3471 discolor
1147 3420 1203 3471 sut
1216 3411 1387 3486 diversum5

266 3500 369 3560 nullae
385 3498 664 3577 interpunctioues,
685 3497 789 3557 nullae
807 3507 898 3557 notae
917 3505 1113 3566 accentuum,
1133 3516 1270 3576 quorum
1294 3496 1388 3555 omnis

264 3582 359 3644 bodie
381 3584 460 3645 retis
482 3592 678 3663 praepostera
705 3592 753 3642 est
775 3593 865 3661 atque
887 3602 1047 3662 perversa:
1077 3580 1155 3642 adeo
1176 3584 1289 3660 utqui
1308 3590 1388 3640 tuem

264 3668 436 3731 Editicnem
459 3669 517 3727 sibi
541 3668 779 3747 comparaverit,
808 3668 873 3749 ipsa
892 3667 944 3727 illa
969 3664 1189 3747 propemodum
1211 3664 1388 3745 Archetyps

264 3774 387 3813 versare
410 3754 547 3813 menibus
568 3764 659 3832 atque
679 3753 776 3813 oculis
800 3772 949 3832 usurpare
970 3752 1120 3813 videatur.
1169 3753 1215 3812 Ea
1234 3772 1286 3811 res
1307 3752 1387 3821 olim,

265 3849 302 3899 ut
319 3849 435 3899 certum
448 3848 494 3898 est
505 3840 681 3916 augurium,
706 3848 738 3898 et
750 3839 923 3898 Britanniae
944 3848 1063 3897 nostrae
1084 3837 1240 3917 splendori
1261 3838 1339 3913 erit,
1360 3846 1388 3895 et

267 3924 421 3985 Ecclesiae
443 3926 615 4005 praesidio:
638 3935 709 3985 tuos
727 3943 802 3985 vero
824 3926 930 4004 utique
948 3923 1066 3984 labores
1086 3922 1280 4004 amplissimis
1302 3942 1388 4002 prae·

168 4031 195 4085 0
211 4031 249 4087 96
267 4011 336 4070 miis
355 4020 446 4089 atque
464 4010 626 4070 immortali
650 4010 744 4089 gloria
766 4009 981 4089 compensabit.
1033 4010 1128 4069 Macte
1148 4011 1206 4068 ista
1229 4008 1346 4087 pietate
1360 4014 1388 4065 et

269 4097 423 4173 diligentie
444 4104 521 4157 estc.
569 4095 607 4155 ln
625 4104 657 4156 te
678 4115 781 4155 omnes
807 4116 860 4155 ora
883 4106 973 4175 etque
991 4094 1094 4155 oculos
1109 4094 1338 4168 convertimus,
1359 4102 1387 4149 te

269 4202 364 4243 unum
385 4182 419 4241 in
437 4180 497 4240 boc
517 4182 703 4241 curriculum
728 4199 890 4241 vocamuse
926 4180 986 4261 ipsi
1005 4180 1127 4240 codices
1156 4179 1285 4239 celerem
1305 4188 1386 4237 tuam

271 4286 360 4349 opem
369 4267 534 4349 implorant
549 4276 581 4328 et
592 4266 745 4347 flagitante
767 4266 842 4348 qud
856 4286 955 4329 cesses
970 4284 1026 4347 per
1048 4264 1163 4329 medias
1176 4264 1285 4325 laudes
1300 4272 1332 4324 et
1344 4263 1387 4321 ta-
