2950 4817
503 269 858 359 euoenoouuna.
1203 300 1243 345 ιι

121 446 230 509 muntii
243 442 280 510 F.
295 468 355 507 eaee
373 446 429 509 oit.
473 444 597 522 Quium
614 444 717 509 verbio
746 440 953 529 Gontiqieim
981 446 1015 507 in
1035 442 1143 523 Notio,
1164 444 1246 509 deai-

122 549 210 629 gnari
235 548 387 609 exiatimt
405 545 631 609 Constantinum
657 524 860 631 Pugnantia,
883 544 1054 609 &anuntio
1075 550 1134 631 (ut
1151 551 1245 629 vulgo

122 652 204 711 uolet
218 646 391 735 nominari)
409 647 540 713 Filium:
564 660 655 733 atquo
674 652 715 713 ita
737 648 913 711 mehercule
922 651 1108 731 appellatum
1123 673 1193 713 eum
1205 654 1246 715 ab

122 753 192 813 aliia
206 774 264 813 noa
286 753 522 813 obaervavimue.
569 751 783 813 Constantinus
803 748 1100 835 Porphyrogmnetue
1117 755 1162 815 De
1173 752 1242 817 At.
1329 779 1333 788 ¹

120 850 452 937 minmr.1›apaertt¹).·
476 852 543 919 Eut
557 855 793 917 Kuuoaovoiooo
804 852 880 917 υἱοῦ
893 857 1112 920 Koootoueiou
1122 860 1182 921 τοῦ
1192 856 1246 922 oei

121 950 324 1042 Hmyooocieoo
351 954 552 1039 καλουμένου.
606 952 802 1019 Conatontioo
826 952 995 1019 Gomontii
1012 957 1048 1021 F.
1062 960 1118 1042 qui
1137 975 1166 1019 et
1185 958 1246 1023 Po-

119 1074 251 1141 gormtoe
270 1060 441 1119 nominatos
462 1074 514 1119 eet.
558 1056 629 1119 Fuit
655 1055 795 1137 quidem,
816 1058 901 1138 quod
921 1070 953 1120 ot
971 1062 1112 1123 omnibua
1128 1071 1245 1137 notum,
1317 1123 1322 1131 ,

125 1156 339 1222 Constantinus
366 1160 431 1241 ipae
458 1160 596 1241 Magrou
623 1158 791 1221 comtantii
821 1156 972 1249 (Chlori)
995 1164 1106 1226 Fittmz
1136 1184 1245 1228 verum

123 1284 191 1323 eum
206 1262 332 1323 hicloci
355 1284 393 1323 ne
415 1263 618 1343 intelligamus
639 1260 700 1321 hoo
721 1263 845 1323 omnino
862 1265 984 1327 obatare
1000 1266 1139 1345 videtur,
1159 1268 1244 1349 qood

123 1385 273 1445 nosquam
293 1364 322 1425 le
338 1364 412 1425 olibi
433 1387 450 1425 a
474 1364 599 1426 leudeto
615 1365 728 1425 hutone
747 1366 923 1429 nominetur
939 1364 1150 1431 Gomtootinue
1166 1368 1243 1432 Con-

123 1469 229 1528 atontii
241 1466 276 1533 F.
300 1467 438 1547 quamvia
461 1468 499 1527 de
520 1488 554 1529 eo
568 1466 752 1528 mentionem
771 1468 954 1529 creberrime
968 1470 1077 1550 iaciat,
1098 1472 1151 1533 aed
1166 1493 1243 1533 aam-

122 1590 181 1651 per
195 1571 248 1630 vel
262 1570 441 1651 aimpiiciter
454 1567 675 1643 Constantinus,
698 1571 750 1630 vel
766 1566 979 1633 conuentione
992 1571 1139 1654 Magnus,
1156 1579 1243 1638 Koo-

124 1678 284 1749 mooeivoo
300 1671 317 1737 i
332 1671 435 1755 μέγας.
477 1674 577 1755 Atque
594 1671 638 1731 ito
660 1672 801 1753 proiecto
819 1674 941 1755 aaepiua
954 1684 1150 1755 nuncupetur
1162 1676 1243 1737 iutra

121 1795 236 1855 paucae
260 1787 330 1855 poet
352 1775 453 1835 locum
473 1774 599 1835 citatum
617 1774 729 1851 lineea5
757 1784 793 1835 ut
815 1776 908 1837 alium
925 1787 956 1837 et
977 1776 1133 1838 diveraum
1148 1777 1243 1839 iuiaee

123 1895 190 1935 eum
212 1876 251 1935 ab
276 1877 330 1937 illo
345 1875 399 1955 qui
413 1885 541 1938 vocatur
560 1876 774 1939 Conatontinoe
790 1874 959 1941 Constantii
974 1876 1011 1939 F.
1028 1898 1119 1959 quam
1138 1880 1243 1941 elaria-

120 1977 192 2039 aime
207 1979 422 2043 aubinnuatur.

205 2082 320 2143 XXIII.
364 2084 402 2143 Ut
425 2102 464 2143 ex
487 2080 547 2142 hoo
568 2093 745 2159 argumento
759 2083 944 2167 Scriptorem
958 2094 1098 2147 noatrum
1113 2096 1183 2148 ante
1196 2106 1243 2148 ee·

121 2182 182 2243 onii
198 2180 310 2244 Ootuoi
323 2184 443 2245 initium
457 2206 519 2247 non
532 2184 669 2247 iloruiaae
684 2184 806 2247 videtur
826 2187 1036 2269 comprobati3
1058 2189 1100 2249 ita
1117 2208 1242 2269 quoque

122 2284 231 2345 exinde
255 2285 378 2347 videtur
395 2285 591 2367 probabiliter
613 2286 720 2346 inferri
742 2308 849 2367 poaae,
870 2291 921 2349 vel
938 2311 975 2351 eo
997 2300 1132 2369 tempore
1147 2292 1242 2353 iuiaae

120 2388 281 2468 juniorem.
328 2388 475 2463 Quamvis
495 2391 573 2449 euim
591 2388 778 2451 concedatur
793 2388 967 2451 Clementem
980 2390 1173 2472 praedictum
1187 2412 1242 2453 ex·

123 2500 210 2551 eunte
220 2490 346 2551 circiter
356 2490 500 2551 Centurio
514 2492 639 2571 septima
648 2500 843 2553 monumenta
857 2512 912 2553 oue
924 2494 1022 2553 litorio
1037 2495 1241 2569 conaigneaae:

122 2587 211 2675 (nam
226 2593 380 2653 velillum
404 2592 491 2653 etiam
512 2592 659 2673 auspicari
683 2593 756 2655 lieet
769 2594 910 2653 floruieae
926 2604 995 2672 poet
1007 2593 1242 2673 tempuaietuel)

122 2694 205 2753 ilium
225 2704 328 2755 tameo
346 2695 438 2755 eitere
458 2693 582 2755 videtur
604 2690 854 2776 chronographus
875 2702 993 2769 notter,
1014 2714 1076 2755 non
1097 2704 1243 2774 tanquam

122 2796 168 2856 aui
182 2796 329 2877 temporie
343 2797 544 2879 scriptorem,
566 2794 620 2857 aed
635 2804 670 2856 ut
686 2794 898 2874 antiquiorem
941 2796 981 2855 Ut
996 2793 1056 2855 hoo
1070 2797 1119 2856 vel
1131 2796 1242 2857 exindo

122 2898 246 2961 videtur
263 2898 504 2979 conficiendum,
525 2900 569 2959 ita
590 2899 726 2979 auppetit
741 2897 832 2957 nobie
855 2906 1061 2975 argumentum
1081 2898 1180 2971 aliud,
1202 2918 1243 2959 ea

124 3020 200 3080 quo,
224 3000 253 3060 ai
274 3002 331 3063 nix
350 3001 465 3083 aliquid
486 3000 571 3062 eliud
593 3010 787 3080 occurreret,
808 2999 963 3061 videretur
976 3009 1077 3061 tameo
1087 3018 1176 3079 poue
1189 2998 1243 3059 de-

123 3102 302 3179 monstrari,
325 3125 393 3166 eum
414 3105 469 3165 ilio
488 3114 624 3184 tempore
647 3102 741 3163 suinae
760 3102 976 3179 recentiorem,
996 3111 1028 3162 et
1045 3121 1107 3161 non
1128 3100 1242 3161 vixime

124 3206 179 3265 nioi
201 3214 275 3286 poet
296 3206 414 3269 initium
439 3207 598 3267 Centuriue
620 3226 726 3267 nonne.
775 3204 994 3283 Argumentum
1013 3202 1076 3263 hoo
1103 3203 1184 3263 duco
1203 3222 1242 3263 ex

124 3308 187 3387 ejue
210 3306 355 3377 citatione
380 3304 539 3390 theophili
561 3302 788 3387 Chronogrophi
808 3306 873 3367 aive
887 3305 1049 3368 Historioi.
1092 3306 1242 3366 claruisse

124 3410 202 3471 enim
228 3407 425 3492 Theophilum
445 3394 725 3490 chronographum,
746 3408 812 3470 aive
825 3406 1036 3486 Hiatorioum,
1057 3408 1151 3488 pauio
1172 3418 1242 3468 ente

124 3512 260 3573 aemulum
283 3525 422 3573 ootooum
448 3512 637 3587 absolutum,
667 3519 788 3571 couetat
809 3530 849 3574 ex
869 3508 1090 3591 Aiulphorojii
1108 3510 1243 3571 Hiatoria

124 3614 254 3677 Arabico
268 3608 550 3697 Dynmtioruffl),
572 3612 626 3693 qui
645 3611 735 3673 docet
752 3632 821 3673 eum
842 3612 900 3673 aub
918 3612 1018 3673 Imm
1030 3612 1234 3691 imperatricis

125 3718 228 3777 uxorio
252 3714 366 3775 Leonis
388 3713 669 3798 Porphyrogeoneti‚
692 3713 902 3798 temporibus2
918 3735 997 3775 anno
1017 3712 1149 3796 Hegiroe
1170 3718 1242 3779 169.

124 3815 181 3879 hoo
201 3825 265 3895 eet,
287 3837 367 3877 enno
391 3816 631 3879 Christianorum
653 3818 725 3885 785.
750 3837 768 3877 a
790 3816 870 3881 vioie
888 3816 1056 3879 exceaaiaao.
1099 3814 1151 3875 Ait
1172 3832 1243 3876 eum
1361 3863 1365 3878 .

129 4014 335 4024 --.-—-.-

162 4152 459 4227 nmmum

162 4242 196 4309 ²)
212 4259 240 4313 p.
259 4239 319 4306 147,
337 4238 397 4296 ue.

171 4371 279 4465 Iouam
299 4370 427 4427 uatem.
