2950 4817
241 251 318 329 576
614 231 970 316 Attttousrtottus.

243 440 311 567 sup
323 418 438 504 primo,
460 419 569 484 deinde
591 416 868 508 Παρθαμασιιάιην
889 410 997 500 voert}
1017 423 1064 486 uti
1086 431 1119 487 et
1138 428 1240 484 noster
1260 425 1350 485 etism

240 529 273 570 ιιι
286 529 328 570 ra.

325 591 400 674 Pag.
421 590 495 659 270.
516 595 567 658 16.
588 594 631 676 τῷ
650 585 689 672 ιβ’
701 589 761 654 ἔτει
775 595 830 669 τῆς
850 590 1027 676 βασιλείας]
1047 593 1251 673 Hieronymus
1268 591 1352 672 apud

240 679 420 756 Eusebium,
449 677 527 741 bella
550 676 626 739 haee
652 677 818 740 orientalis
846 701 865 740 u
890 679 1021 763 Trojano
1044 689 1145 760 gesta,
1174 679 1215 740 sd
1239 697 1352 738 sunum

242 763 375 847 quedem
388 783 416 827 r.
430 765 533 826 refert.

330 853 402 930 Pag.
425 855 497 915 270.
520 853 571 916 21.
593 845 759 933 ὄγαμβρός
771 843 870 912 adasai
882 841 927 913 ἐπ’
940 843 1081 932 altisimi]
1107 853 1172 914 ser.
1188 844 1352 933 α’δελφιόᾔ.

243 934 454 996 consobrinae.
501 934 630 1016 Trojano
661 945 691 996 et
717 935 876 1015 sanguine,
911 944 942 994 et
966 935 1113 996 affinitate
1140 935 1265 1015 junctus
1287 941 1353 992 ent

241 1021 410 1096 Adrianus,
434 1027 510 1079 teste
525 1021 587 1080 net.
603 1021 777 1100 spartiano,
799 1019 830 1080 in
852 1019 976 1081 Adrion.
1018 1017 1161 1080 Adriano
1181 1033 1270 1099 pater
1283 1017 1354 1078 Ae-

242 1103 302 1167 lius
313 1103 487 1182 Adrianus,
510 1120 704 1184 cognomento
718 1104 807 1189 Afer,
820 1102 900 1190 suit,
922 1103 1116 1165 consobrinus
1130 1103 1261 1184 Troiani
1275 1101 1353 1183 Imp.

242 1189 281 1250 Et
300 1189 485 1270 paulopost.
508 1189 640 1272 Denique
658 1191 846 1274 suffragante
861 1189 960 1266 Sura,
982 1187 1027 1248 ad
1043 1190 1209 1249 amicitiam
1225 1187 1356 1268 Traiani

240 1273 399 1358 pleniorem
416 1271 519 1350 rediit,
542 1289 625 1354 nepte
637 1297 689 1354 per
708 1297 838 1335 sororem
852 1275 979 1355 Traiani
1002 1296 1099 1335 uxore
1113 1289 1246 1353 accepta.
1289 1275 1356 1332 s·-

243 1361 310 1420 dem
328 1361 389 1418 lere
405 1357 496 1417 habes
517 1359 599 1440 apud
618 1359 744 1418 Dionem
763 1361 796 1418 iu
816 1359 964 1420 Adriano:
985 1355 1140 1440 Αδριανός
1161 1359 1194 1419 δὲ
1210 1354 1276 1420 sinti
1297 1356 1358 1438 μὲν

247 1449 400 1525 Τραϊανοῦ
413 1435 470 1506 otiu
485 1438 668 1523 ἒσειιοιήθη·
691 1436 732 1525 ἦν
746 1442 801 1550 pir
818 1442 876 1526 γαρ
889 1446 1013 1524 πολίτης
1027 1438 1139 1518 usitati,
1161 1441 1214 1504 aral
1233 1441 1357 1524 ἔιιετρο-

243 1527 349 1680 ῗεύθη
364 1523 424 1632 Ιὑπ’
447 1521 558 1606 αὐτοῦ,
589 1527 743 1612 pirosa&
776 1529 810 1592 oi
828 1522 985 1592 inseruisse
1004 1523 1243 1610 ιιαὶιῖδελφιᾶῆν
1257 1524 1358 1591 αὐτοῦ

310 1639 328 1676 α
374 1635 428 1676 κει.

258 1637 308 1700 W
330 1639 401 1780 l'lg
426 1703 498 1766 270.
520 1703 572 1765 22.
594 1697 638 1774 εἷς
650 1693 782 1780 δρόμον]
806 1697 935 1758 Omnino
948 1696 1119 1778 legendam,
1143 1697 1186 1769 εἷς
1199 1690 1356 1776 doinus«.

240 1793 278 1844 ut
297 1803 335 1843 ex
360 1784 553 1860 sequentibus
580 1793 713 1863 apparet.
764 1784 892 1842 Cursum
912 1793 1011 1842 autem
1034 1783 1189 1862 publicum
1206 1793 1236 1841 et
1251 1784 1358 1860 Equis,

240 1867 458 1946 vehiculisque,
474 1879 503 1928 et
518 1869 652 1946 Navigiis
667 1869 755 1928 etiam
771 1868 902 1943 stetisse,
926 1876 1055 1947 apparet
1068 1887 1107 1926 ex
1121 1867 1246 1925 Sidonio
1262 1869 1360 1945 Apol·

240 1953 294 2014 lin.
310 1951 434 2032 Epistol.
450 1954 503 2012 tib.
521 1959 548 2017 1.
564 1953 621 2031 Ep.
638 1953 667 2016 5.
712 1953 830 2011 Tricini
844 1949 1014 2012 cursoriam
1028 1953 1087 2028 (sie
1101 1952 1221 2030 nauigio
1233 1949 1358 2033 nomen)

240 2035 382 2117 aseendi3
406 2061 465 2120 qua
478 2040 509 2096 in
522 2035 684 2098 Eridanum
700 2035 780 2096 brevi
794 2033 927 2096 delatus:
948 2047 1004 2099 etc.
1047 2036 1106 2094 Ubi
1122 2035 1264 2096 Sidonius
1282 2033 1362 2096 Cur·
1446 2048 1447 2061 ¹

240 2123 370 2197 soriam,
392 2120 543 2204 (subaudi
557 2119 698 2201 narem,)
724 2142 815 2200 quam
834 2121 943 2180 Graeci
959 2116 1103 2200 δρόμωνα
1124 2129 1249 2178 vocant.
1293 2119 1360 2179 Ha.

240 2229 309 2269 ruta
327 2227 397 2266 vero
417 2209 552 2284 Remiges
570 2201 793 2288 δρομανᾶριοι,
815 2206 928 2266 Latinis
949 2207 1037 2266 etism
1055 2205 1249 2264 Dromonarii
1266 2199 1361 2266 dicti:

241 2293 353 2372 quibus
375 2291 558 2352 Theudorici
588 2291 704 2370 scripta
725 2291 861 2369 Epistola
885 2301 987 2367 extat,
1018 2291 1099 2371 apud
1130 2289 1359 2368 Cassiodorum‚

241 2377 357 2438 Variae.
382 2379 435 2440 lib.
456 2385 487 2444 2.
520 2395 559 2436 ex
581 2396 640 2456 qua
660 2377 792 2454 paucula
815 2375 908 2451 haee,
941 2376 982 2434 ad
1003 2375 1195 2454 propositum
1215 2386 1361 2436 nostrum

241 2463 426 2542 spectantia,
456 2461 596 2542 prolerre
620 2479 681 2519 non
705 2461 862 2537 grambor.
910 2459 950 2520 Et
969 2457 1036 2521 ideo
1058 2460 1170 2519 Comiti
1190 2458 1359 2520 &cmm

240 2545 452 2628 Largitionum
477 2560 578 2606 nostra
598 2548 749 2628 praecepit
775 2547 955 2621 auotoritas,
986 2559 1019 2603 ιιι
1045 2547 1078 2604 in
1098 2541 1266 2604 hostiliensi
1285 2543 1359 2605 loeo

243 2634 384 2692 constitui
398 2629 544 2709 debeatis5
565 2645 708 2713 quatenus
718 2627 829 2712 fiscali
842 2629 1027 2687 humanitate
1050 2630 1186 2703 recreati,
1209 2651 1360 2688 excursu

243 2740 311 2776 cum
333 2713 492 2775 veredariis
509 2737 563 2796 per
585 2711 701 2774 alueum
726 2711 805 2776 Padi
825 2735 906 2773 more
923 2711 1013 2773 solito
1024 2711 1179 2798 furiatis,
1203 2727 1237 2772 ut
1257 2711 1359 2773 diuiso

243 2799 362 2878 labore,
384 2802 466 2883 equis
485 2796 615 2880 publicis
640 2795 745 2858 debeat
766 2796 932 2858 salvenirir
952 2806 1011 2857 eta.
1055 2797 1238 2877 Hujusmodi
1254 2807 1359 2857 autem

242 2883 384 2962 navigio,
405 2885 510 2946 relicta
527 2893 597 2963 post
612 2903 644 2944 ss
657 2883 751 2942 classe
766 2884 895 2963 reliqua,
918 2881 1078 2943 celeritatis
1093 2880 1249 2942 counitio
1264 2901 1358 2944 usum

242 2969 335 3032 luisse
352 2969 531 3050 Traianum,
553 2968 652 3030 innuit
667 2969 792 3030 Auctor.

329 3051 499 3136 Pag.271.
523 3057 574 3119 16.
611 3043 808 3136 irrepsistis
829 3051 972 3133 ὃιαιιος]
996 3053 1063 3118 Ser.
1085 3047 1262 3137 ἆναιριὶιιι,
1290 3051 1359 3113 sire

255 3131 265 3160 2

243 3162 315 3214 arua
358 3184 365 3199 .

328 3163 407 3306 lag.
427 3227 499 3290 stt.
521 3225 573 3288 23.
598 3216 811 3303 Φονρτούνον,
838 3219 891 3286 sal
914 3215 1080 3304 Γᾶργαρη]
1102 3221 1150 3282 Ex
1166 3222 1359 3282 Graecorum

242 3309 422 3370 formatione
435 3308 605 3388 nominum,
627 3303 810 3390 Γαργᾶριος,
833 3305 1024 3399 seribepdum
1040 3317 1132 3368 emetz
1156 3306 1210 3365 sed
1223 3327 1284 3366 uso
1299 3327 1360 3366 vo-

244 3397 317 3456 oslis
329 3396 420 3476 longa
437 3395 470 3454 iu
491 3393 613 3469 ultima,
636 3405 795 3455 nocentum
816 3393 850 3452 in
868 3394 1103 3476 antepenultima
1123 3390 1185 3451 hoo
1203 3391 1275 3452 loco
1291 3391 1361 3471 pati

264 3489 349 3540 otest.
866 3501 873 3512 ·

240 3501 261 3564 P
329 3567 402 3644 Pag.
422 3566 495 3627 272.
518 3569 569 3630 16.
590 3563 717 3648 ιανρὲας
734 3561 896 3644 iurantia}
911 3561 1045 3644 ιανρείη,
1059 3558 1246 3641 ιιιιιαυρέη,
1263 3557 1362 3642 (oub-

244 3647 332 3725 audi,
362 3644 450 3729 ὁοραὶ)
480 3647 569 3708 Pellio
595 3660 640 3710 est
662 3649 811 3715 'ssurinsz
839 3649 1031 3726 sumiturque
1054 3667 1112 3726 pro
1139 3645 1248 3724 quovis
1266 3666 1361 3705 exea

242 3735 322 3794 lacto
344 3733 475 3808 scutica,
504 3735 635 3816 clypeo,
667 3734 802 3808 Casside,
835 3743 892 3796 eto.
943 3731 1010 3792 Hoc
1037 3751 1109 3792 vero
1143 3733 1230 3804 loco,
1260 3731 1364 3808 Tym-

241 3839 355 3902 panum
376 3817 459 3896 quod
480 3837 517 3876 ex
540 3821 618 3898 pelle
646 3821 735 3879 etism
768 3821 886 3879 taurins
914 3819 1045 3893 sectum,
1075 3817 1194 3893 signare
1213 3813 1360 3876 videtur:

245 3923 305 3984 quo
324 3903 410 3962 etiam
427 3923 515 3962 sensu
526 3903 619 3964 habes
631 3904 712 3982 apud
729 3905 856 3965 Leonem
871 3905 946 3984 lmp.
970 3902 1131 3961 constitut.
1145 3907 1175 3966 7.
1188 3911 1219 3959 et
1238 3899 1365 3959 Mauri-

244 3989 325 4048 cium
338 3987 488 4066 strategio.
500 3989 550 4048 lib.
567 3994 594 4054 1.
619 3988 686 4048 vide
699 3989 764 4049 Nie.
779 3989 915 4067 signifi,
939 3998 969 4049 et
986 3987 1031 4048 lo.
1053 3987 1174 4046 Meursii
1197 3985 1363 4047 Glaesaria

131 4067 133 4080 ’
244 4074 278 4133 in
301 4071 425 4154 Τανρὲα.
474 4073 541 4133 Non
563 4073 665 4153 itsquo
689 4075 825 4133 assentiri
852 4093 977 4155 possum
999 4071 1150 4146 Reinesio,
1179 4069 1251 4128 Ver.
1269 4071 1364 4132 Lect-

244 4159 266 4220 l.
279 4164 308 4224 3.
330 4159 383 4219 ubi
405 4158 615 4219 animadvertit
640 4160 670 4218 in
692 4159 818 4219 Pellsdii
839 4160 915 4222 Hist.
940 4160 1029 4218 Laus.
1048 4160 1243 4234 interpretem
1265 4155 1365 4218 Gent.

244 4243 427 4324 nemetum,
448 4265 483 4306 eo
500 4243 584 4326 quod
599 4243 734 4328 Ταυρέαν
748 4265 811 4306 aou
827 4242 982 4308 Saiticam
991 4289 1003 4324 ,
1024 4241 1081 4305 sed
1100 4242 1267 4303 Taurinae
1284 4237 1366 4323 pel-
