2950 4817
547 296 777 369 mussona.
1142 305 1218 377 719
1264 386 1268 395 ,

100 498 177 539 xm.
201 478 345 539 videlicet
359 478 433 539 belli
446 475 700 559 Peloponnesiaci,
721 474 845 555 Olymp.
858 492 909 535 xc.
930 494 967 535 ιι.
989 474 1038 535 uti
1050 483 1169 537 constat
1181 494 1220 536 ex

101 567 172 645 ipsa
187 564 365 642 Comosdia,
388 565 442 625 ubi
456 564 610 643 Trygasus
624 563 668 621 sic
684 562 793 621 Pacem
810 560 989 640 alloquitur:

273 678 332 745 Ml
354 677 418 763 Δί’,
447 677 514 746 altt’
539 676 704 761 αἷπόφηνον
725 675 800 761 δέην
822 674 937 761 σαυτὴν

271 772 521 850 Γενναιοπριπαῖς
543 774 641 831 τοῖσιν
662 767 800 849 ἐρασταῖς

268 858 368 932 Ημῖν,
399 855 432 917 οῗ
450 875 505 917 σου
529 846 697 935 τρυχόμεθ’
717 848 779 935 ἤδη

274 940 349 1021 Τρία
369 940 420 1002 οιαὶ
443 933 509 1002 δέκ’
531 939 592 1020 laq.

99 1054 168 1114 Jsm
180 1075 330 1135 nusquam
344 1057 434 1119 habet
447 1058 568 1118 Malelas
576 1105 587 1136 ,
610 1080 672 1138 quo
686 1058 778 1121 abdat
793 1055 871 1116 illud
890 1052 1030 1136 putidum
1044 1059 1074 1112 st
1087 1049 1217 1111 inhone-

99 1150 184 1201 stum
199 1153 300 1221 copul,
344 1145 474 1206 Tantum
488 1145 572 1205 abest
585 1154 619 1205 ut
634 1146 688 1204 lon
702 1142 854 1222 Aeschylo
867 1138 1044 1225 nstu'luerit
1059 1136 1217 1215 grendi0r3
1236 1132 1261 1187 0
1279 1132 1314 1189 53

98 1234 137 1291 ut
152 1238 304 1305 superstes
320 1228 348 1287 ei
368 1230 460 1289 suerit
472 1250 565 1289 annos
587 1230 702 1289 solidos
713 1248 838 1289 xxxvn.
882 1228 967 1286 Nunc
990 1235 1109 1302 tempus
1123 1232 1169 1281 est
1183 1228 1218 1280 ut

99 1310 141 1369 de
155 1312 238 1371 lonis
253 1314 375 1391 scriptis
391 1314 481 1373 fidem
498 1314 669 1375 liberemus.
704 1314 743 1375 Et
758 1314 893 1393 prolecto
910 1331 971 1371 non
986 1308 1134 1369 immerito
1147 1328 1218 1387 pro-

96 1405 170 1473 pter
186 1398 386 1478 multiplicem
409 1398 579 1459 doctrinam
596 1422 612 1459 a
634 1398 818 1459 Callimacho
834 1396 976 1457 laudatus
990 1405 1034 1454 est
1046 1394 1110 1455 lon.
1153 1388 1217 1453 Kal

96 1482 302 1562 Καλλίμαχος,
326 1484 499 1560 οἰιβωὶδιο,
521 1484 555 1547 έν
571 1481 755 1564 χωλιᾶμβοις
770 1484 918 1563 μέμνηται
929 1475 1035 1557 αὐτοῦ,
1059 1472 1107 1542 ὅτι
1120 1470 1216 1539 moliti

97 1562 251 1645 ἔγραψεν·
273 1569 349 1628 Nam
369 1578 404 1627 ut
422 1570 558 1627 Poemsta
582 1569 665 1644 prius
686 1587 912 1642 recenseamus;
934 1566 1046 1625 deinde
1059 1584 1134 1642 quas
1150 1584 1218 1623 ors·

95 1650 181 1711 tione
195 1672 285 1731 prosa
302 1654 488 1731 composuits
516 1650 635 1713 Melies
656 1653 736 1711 Ionis
753 1653 916 1711 laudsntun
931 1659 960 1709 st
974 1645 1215 1731 Ditlsyrnmbico.

94 1733 201 1795 Schol.
215 1736 442 1816 Aristophanis,
464 1746 494 1797 et
507 1736 631 1797 Suidss:
660 1742 722 1799 Ιων
736 1731 940 1817 διθυράμβων
951 1732 1003 1795 καὶ
1018 1738 1116 1813 μελῶν
1127 1757 1217 1813 ποιη·
1257 1726 1261 1737 ’

92 1814 163 1897 ‘'lt'-
204 1820 441 1901 Harpocration:
472 1818 631 1903 έγραφιδδ
647 1821 722 1902 μέλη
735 1818 843 1884 πολλά.
887 1821 924 1879 Et
938 1816 1129 1895 dithyrambo
1145 1818 1217 1898 qui·

93 1903 167 1963 dem
185 1905 278 1983 vicit,
300 1926 368 1980 cum
383 1906 618 1967 Atheniensibus
639 1907 755 1967 viritim
771 1906 839 1966 chii
864 1904 972 1965 cadum
986 1904 1152 1963 distribuit:
1177 1922 1216 1963 ex

92 1989 212 2050 Melicis
234 1991 418 2051 carminibus
440 2002 523 2051 sxtat
542 1991 627 2051 Odas
648 1992 847 2072 principium,
879 1996 978 2055 Λοῖον
1000 1988 1215 2069 ἇμεροφοέταν.

91 2074 216 2152 Amiqo
228 2079 383 2156 μείναμεν,
405 2071 511 2139 ἆελέον
524 2076 760 2159 Λνυκοπτέρογα
775 2071 961 2159 πρόδρομον.
990 2076 1041 2135 Sic
1054 2075 1119 2152 lege
1132 2073 1217 2153 apud

92 2158 294 2221 Scholiastem
314 2173 345 2223 et
356 2160 495 2222 Sullanis
518 2162 639 2221 maloin
661 2172 794 2240 utroque
807 2157 1005 2242 αἐροφοέταν,
1027 2168 1057 2219 et
1072 2161 1102 2217 in
1118 2161 1215 2220 altero

91 2249 190 2331 λευκῇ
213 2246 345 2328 πτέρυγι.
394 2251 529 2309 Paeones.
558 2245 693 2329 Hymni,
716 2244 824 2307 Scoliu
843 2248 908 2306 sive
924 2246 1055 2307 carmina
1072 2245 1216 2303 conviva-

90 2329 149 2390 lis.
190 2330 459 2410 Scholhristoph.
478 2329 630 2411 Elegiaca.
672 2331 757 2393 Idem
775 2332 936 2392 etSuidas.
980 2332 1026 2391 Ex
1041 2330 1140 2407 Elegis
1154 2350 1214 2389 non

91 2435 211 2495 paucos
226 2416 477 2477 versus·adducit
488 2414 676 2477 Athenseus:
706 2428 743 2479 ut
754 2417 808 2482 lib.
821 2437 867 2477 ιιι.
890 2437 916 2479 ο.
929 2420 960 2483 3.
992 2414 1056 2479 Καὶ
1073 2419 1133 2477 Ιων
1148 2408 1179 2477 δ’
1195 2410 1216 2477 δ

92 2493 175 2575 Χῖός
191 2521 283 2583 φησι,

262 2602 399 2683 Χαιρέτω
416 2600 563 2685 ἡμέτερος
576 2599 719 2710 panstalia
731 2603 832 2686 σωτήρ
846 2626 878 2669 τι
890 2604 991 2687 πατήρ
1005 2624 1046 2677 τι,

304 2694 389 2770 Ημῖν
409 2686 442 2751 δέ
456 2693 571 2769 κρητῆρ
600 2684 736 2769 οἰνοχόοι
748 2690 880 2773 θέραπες

261 2769 443 2850 Κιρναὶντων
455 2769 654 2855 προχύταισιν
667 2774 702 2837 έν
714 2769 892 2858 οἷργορέοις·
915 2770 935 2837 δ
950 2768 985 2837 bi
998 2768 1109 2855 χρυσδς

306 2856 402 2922 Οένον
417 2860 493 2940 ἔχων
506 2863 617 2938 χειροῖν
629 2858 733 2933 νιζέιω
750 2862 793 2933 εές
808 2860 937 2938 ἔδαφος·

90 2950 127 3001 et
142 2961 218 3019 quse
233 2953 415 3022 sequuntur:
447 2944 498 3003 ubi
514 2944 723 3006 casaubonum
745 2946 946 3025 nequicquam
968 2940 1211 3003 aestuantsmvi-

91 3026 184 3102 aleas,
207 3038 243 3087 ut
263 3031 363 3091 eliciat
385 3029 508 3091 existis
527 3032 706 3093 sententiam
724 3032 933 3108 commodam
954 3050 1023 3089 nam
1041 3027 1127 3109 prius
1143 3046 1211 3087 cor-

89 3112 237 3172 rectionis
247 3114 398 3193 indigent‚
420 3134 511 3194 quam
526 3136 543 3175 a
559 3134 711 3195 quoquam
726 3116 852 3196 intelligi
871 3116 997 3197 possint.
1040 3114 1109 3173 Non
1123 3114 1213 3191 louge

92 3196 337 3261 aberrabimusa
357 3220 471 3282 scopo,
490 3201 516 3259 si
535 3201 580 3260 sic
597 3200 773 3279 legerimuss

260 3318 302 3333 -
322 3320 366 3332 -·
388 3318 428 3333 -
449 3284 469 3349 δ
487 3279 521 3347 δ’
539 3284 663 3359 ἕκαστος

263 3366 358 3435 Οἶνον
372 3371 448 3452 ἔχων
461 3377 575 3448 χειροῖν
587 3370 670 3444 ἱζέτω
683 3370 728 3443 ala
743 3370 864 3447 ἔδαφος.

97 3453 276 3518 Comoedias
297 3466 334 3515 ut
354 3456 468 3517 Comici
481 3454 582 3516 Sahal.
600 3453 808 3527 Comoedialut
824 3454 942 3517 Suidss.
983 3451 1209 3539 Epigrammata

91 3541 179 3603 Idem
192 3540 294 3603 Schol.
310 3552 342 3603 st
354 3542 536 3619 Anthologia
554 3542 705 3623 Epigrsm.
728 3542 780 3601 lib.
794 3546 823 3606 3.
838 3562 865 3603 ο.
882 3546 934 3609 26.

476 3632 572 3701 Ιωνος
584 3629 626 3702 ιές
644 3622 827 3709 Εὐριπίδην.

260 3716 357 3792 Χαῖρε
372 3711 609 3792 μιλαμπέπλοις,
633 3708 807 3794 Εὐριπίδη,
831 3710 864 3774 έν
877 3704 1015 3793 μοᾶλοισι

304 3800 432 3877 Πιιρέας
441 3792 496 3859 τδν
509 3792 557 3860 οἶεέ
573 3794 681 3873 νοντδς
696 3798 770 3878 ἔχων
783 3793 936 3877 θάλαμον.

262 3884 336 3945 Iocis
351 3877 384 3945 δ’
397 3880 461 3945 aas
473 3880 587 3962 χθονδς
599 3878 661 3962 asia,
682 3878 729 3947 δτι
746 3902 793 3947 σοι
806 3882 893 3957 κλέος
907 3878 1043 3961 ἄφθιτον
1059 3876 1156 3955 tasas,

303 3971 377 4030 Ισον
395 3969 559 4049 Ομηρεέαις
576 3964 699 4042 δενιέοις
716 3964 846 4049 χάρισιν.

92 4048 153 4110 διδ
173 4051 295 4110 omnino
311 4054 384 4113 lalsa
403 4063 495 4113 estet
517 4054 658 4114 ementita
675 4053 850 4133 inscriptio:
874 4071 964 4132 qusm
982 4050 1061 4111 ratio
1083 4060 1205 4133 tempo-
1222 4055 1248 4109 0
1264 4053 1300 4111 st

90 4156 160 4196 rom
172 4138 285 4197 refutat
304 4148 334 4197 et
346 4135 457 4219 rejicit.
500 4138 658 4199 Mirificum
670 4160 744 4199 vero
767 4148 887 4218 poetam
907 4138 1026 4211 Ionam,
1051 4136 1102 4214 qui
1117 4136 1205 4194 Euri·
1223 4142 1247 4196 V
1262 4144 1298 4201 28

90 4222 191 4301 pidem
205 4232 358 4284 mortuum
373 4224 595 4303 Epigrammats
610 4224 824 4301 celsbisverit‚
846 4225 912 4303 ipss
924 4224 984 4303 jam
1000 4242 1092 4283 asinos
1104 4220 1207 4280 trecte-
1235 4234 1238 4239 ·

92 4306 150 4367 cim
164 4309 324 4372 extinctus.
366 4310 501 4373 Decessit
512 4310 565 4371 lon
583 4310 707 4395 Olymp.
722 4330 772 4373 xc.
787 4330 824 4371 u.
837 4330 917 4373 anno
930 4310 1001 4371 belli
1017 4308 1205 4389 Peloponne-
