2950 4817
37 333 40 378 l

251 269 273 309 x
644 234 963 305 PRAEMONITIO.

221 474 224 481 ,
250 412 290 475 ld
303 411 401 473 elucet
416 409 482 472 istis
498 412 652 495 Exemplis
676 435 754 495 quae
769 414 915 479 exhrirent
927 415 1040 499 passim
1055 424 1248 477 monumenti
1263 418 1294 476 S.
1310 416 1371 477 ra-

252 515 347 594 ginae.
390 514 473 575 ldsm
489 516 625 577 indicant
645 517 774 577 Nomina
793 528 824 579 et
845 518 1028 598 Cognomina
1043 520 1192 598 Arabica,
1213 516 1371 594 Attolle,

252 614 393 704 Hunisa,
415 616 555 697 Nakala,
580 616 736 701 Toplola,
759 619 934 699 Mostella,
956 622 1073 701 aliaque
1093 623 1127 681 id
1149 642 1245 701 genus
1257 622 1371 683 millia:

249 718 331 779 Hinc
346 719 431 780 Jesus
453 720 512 779 illis
535 730 583 781 est
606 718 677 797 Iso,
699 723 810 782 Darius
822 722 927 801 Dara,
947 725 1081 785 Kosroea
1099 722 1215 796 Kezra,
1239 724 1372 785 Basilius

251 818 380 898 Basilo,
402 833 437 883 ut
450 824 533 903 apud
549 820 627 884 Said
649 822 714 885 Ebu
731 821 850 886 Batn'k
894 826 938 887 De
954 824 1041 910 Syris
1055 826 1185 907 denique
1198 827 1288 907 ipsis,
1309 848 1371 907 po-

187 994 192 1004 ,
250 925 408 1007 palaribus
429 927 526 987 nostri
550 926 691 1002 Actoris,
728 926 811 1006 quod
838 926 944 992 eadem
968 928 1119 1007 gaudeant
1146 930 1371 1005 terminatione,

251 1030 429 1089 consulatur
451 1030 610 1107 Catalogus
627 1027 814 1111 Scriptorum
835 1026 1027 1112 Syriacornm
1042 1053 1059 1091 a
1074 1029 1199 1091 Sodemi
1211 1030 1370 1112 Metropo-

251 1127 309 1191 trra
331 1131 529 1212 conscriptus.
575 1132 771 1192 celebrantur
790 1131 835 1191 ibi
853 1130 995 1211 Morino,
1023 1130 1191 1214 Barsomn,
1220 1131 1370 1209 Hanana,

250 1232 332 1295 Dan.
347 1232 488 1305 Besalem
509 1230 630 1294 Abralr.
651 1230 769 1311 Cutina,
794 1230 880 1315 Greg.
902 1233 1055 1311 Sussatra,
1077 1255 1146 1295 cum
1162 1236 1265 1295 multis
1290 1234 1370 1310 alfio,

228 1356 323 1418 .pars
347 1356 454 1415 magna
478 1337 623 1417 catalogi.
667 1336 725 1395 Sed
747 1356 893 1417 quorsum
910 1336 1006 1400 haec?
1028 1339 1183 1402 Monuisse
1203 1337 1369 1409 suffecerit,

250 1458 316 1498 esse
336 1438 426 1519 plane
444 1436 599 1522 Syriacum
615 1438 736 1499 Artoria
755 1439 852 1499 nostri
873 1440 1058 1519 cognomen,
1081 1451 1111 1501 et
1128 1441 1160 1501 in
1175 1441 1201 1501 A
1215 1440 1299 1520 apud
1315 1459 1369 1498 eos

252 1540 390 1601 desinere
412 1550 557 1603 constare.
601 1540 700 1615 Quam
724 1541 840 1602 soleant
861 1553 961 1601 autem
984 1540 1106 1622 Graeci,
1130 1542 1289 1623 peregrina
1306 1540 1368 1599 ltu-

250 1641 385 1721 jusmodi
406 1642 533 1703 Nomina
551 1664 621 1703 cum
642 1643 750 1703 nativis
764 1644 1037 1705 Terminationibua
1059 1646 1091 1705 in
1108 1642 1264 1706 Graeciam
1280 1664 1370 1703 auam

250 1746 400 1825 recipere,
429 1747 636 1825 exemplorum
662 1746 848 1806 demonstret
870 1748 1033 1809 multitado
1052 1743 1287 1809 innumerabilis.
1330 1744 1370 1805 In

250 1848 349 1929 prima
369 1847 433 1907 acie
445 1868 483 1907 ex
495 1847 543 1909 Io.
560 1846 767 1909 Gontacazeno
783 1858 843 1907 stat
859 1845 998 1930 Ιωᾶννης
1018 1845 1164 1933 Περᾶλτα.
1206 1850 1301 1909 lllene
1312 1868 1369 1907 re-

251 1943 386 2027 centior,
408 1958 439 2010 et
450 1968 512 2011 nan
528 1968 567 2010 ex
582 1946 734 2013 Heroides
749 1950 904 2029 antiquis‘l
947 1954 1027 2013 Cave
1049 1972 1119 2031 agos
1141 1952 1181 2011 de
1196 1972 1232 2013 eo
1251 1953 1368 2013 ffirm-

248 2052 335 2134 plros.
378 2053 423 2113 En
437 2062 513 2131 quot
527 2063 557 2113 et
576 2062 704 2133 quantos
719 2053 868 2112 Satellitea
882 2052 989 2115 hebeat
1002 2055 1191 2135 despicabilia
1205 2052 1292 2111 hicce
1306 2056 1369 2113 Πε-

250 2148 355 2235 gaitsa.
404 2152 497 2235 Apud
522 2152 630 2215 Serion
657 2151 923 2236 Chroaologicam,
951 2155 1133 2237 'perductam
1156 2156 1195 2215 ad
1214 2152 1369 2217 Aletrium

252 2252 450 2331 Gomnennm,
481 2276 571 2336 quam
602 2255 697 2315 edidit
724 2255 916 2317 doctissimus
938 2255 1092 2333 Petreius,
1121 2258 1256 2317 occurrit
1278 2258 1370 2316 Κων-

250 2366 407 2434 σταντῖνος
427 2355 447 2423 o‘
468 2363 576 2422 Δοῦκα
593 2358 668 2439 Imp.
713 2357 802 2439 Apud
824 2357 1088 2421 Bartholomaeam
1107 2356 1283 2418 Edessenum
1301 2375 1370 2414 me-

247 2472 387 2523 moretur
408 2463 532 2543 Μεβία,
556 2470 587 2521 et
608 2461 758 2521 Arabicus
773 2459 898 2546 Hanifa
918 2462 955 2519 ab
975 2460 1079 2519 ecdem
1097 2461 1210 2520 dicitur
1226 2451 1367 2536 Χανιφᾶ,

247 2564 331 2642 quod
353 2584 464 2623 nomen
488 2564 624 2641 quamvis
646 2562 794 2624 habeatur
818 2562 901 2641 apud
924 2579 990 2617 eum
1013 2560 1044 2618 in
1067 2561 1146 2619 Casu
1167 2562 1242 2622 Gen.
1264 2569 1368 2619 tamen

246 2664 380 2745 positum
402 2664 494 2721 fuisse
510 2683 567 2743 pro
590 2660 821 2742 Indeclinadili,
843 2684 913 2723 cum
927 2681 968 2721 ex
984 2661 1053 2741 ipso
1066 2650 1207 2723 'straena
1215 2706 1225 2739 ,
1247 2672 1312 2721 tum
1326 2682 1367 2721 ex

248 2766 317 2825 aliis
332 2766 508 2824 Nominibus
522 2767 725 2846 sequentibus,
749 2768 882 2827 dilucide
895 2776 1032 2847 apparet.
1074 2766 1111 2824 ln
1123 2764 1272 2844 Anonymi
1289 2762 1367 2827 Gon-

237 2864 306 2949 fut.
323 2866 564 2947 Multammedie,
590 2868 682 2951 hujus
697 2870 817 2929 Assecla
830 2864 944 2951 Buteoni
966 2880 1235 2929 commemoratur:
1257 2886 1367 2949 προσε-

248 2965 388 3051 relinitis]
406 2968 439 3033 di
452 2975 496 3056 τῷ
512 2971 678 3052 Mouzeris
691 2996 736 3047 τις
753 2974 922 3054 Ιακωβίτης
940 2966 1066 3053 ὀνόματι
1085 2964 1205 3047 Barcaei.
1228 3008 1231 3015 -
1248 2970 1367 3029 Ibidem

249 3083 419 3134 occurrunt
432 3073 448 3138 ὁ
462 3068 569 3147 Av’dsd
589 3084 619 3133 et
640 3070 787 3138 Aridnltai
807 3072 991 3159 (Atdatla)
1013 3072 1231 3134 llulrammedis
1245 3073 1297 3131 alii
1309 3076 1366 3133 So.

247 3178 339 3237 dales.
384 3176 450 3235 Hoc
465 3184 572 3235 notent
586 3174 752 3237 doctissimi
767 3178 832 3238 Viri
845 3177 898 3256 qui
916 3190 1076 3256 pernegant
1096 3196 1205 3235 nomen
1220 3174 1367 3237 Abdalla

248 3278 332 3357 apud
346 3279 478 3338 Graecos
497 3298 632 3357 unquam
652 3280 760 3339 cadere
771 3283 802 3339 in
817 3287 854 3342 A.
896 3278 1002 3339 Eidem
1018 3298 1125 3339 rursus
1136 3279 1263 3354 datori,
1284 3289 1321 3339 ut
1334 3298 1367 3346 et

247 3378 373 3441 Nicetae
393 3379 556 3441 Ghoniatae
573 3381 606 3441 in
624 3380 789 3458 Thesauro,
809 3381 990 3459 Angelorum
1004 3386 1034 3445 2.
1057 3380 1274 3441 lduhenrmedis
1292 3392 1367 3444 suut

246 3482 374 3542 Nomina
402 3483 529 3563 Propria
564 3478 669 3562 Τζὰφα
693 3494 723 3543 et
749 3480 899 3566 Megarice.
950 3484 1001 3542 Sic
1027 3481 1185 3567 Euthymio
1206 3484 1365 3565 Zigabeao

250 3581 399 3663 Τζιτζαφοὶ
415 3584 531 3667 (male)
551 3595 583 3645 et
598 3580 743 3667 Margasoi.
786 3586 936 3647 Audistur
949 3584 1113 3666 Agatlias,
1134 3588 1365 3667 probatissimus

245 3686 399 3767 Scriptor,
420 3686 459 3746 ds
481 3688 561 3765 Rege
583 3688 743 3748 Persarum
768 3688 942 3763 Votorum,
962 3685 1120 3769 Σεγανσαᾶ
1141 3687 1176 3751 di
1196 3685 1364 3773 ἐπεκλήθη,

245 3797 276 3848 et
288 3808 377 3865 mor,
401 3782 526 3864 εἰκότως
547 3788 564 3853 ὁ
583 3796 657 3864 παῖς
670 3786 831 3871 Σεγανσαᾶ
850 3783 1056 3870 ἐπωνόμασται
1098 3790 1180 3851 ldem
1203 3812 1309 3852 rursus
1324 3794 1364 3853 de

245 3890 306 3949 alio
337 3888 509 3963 Vararane,
541 3892 703 3951 Persarum
732 3892 962 3970 itidemRege,
992 3887 1026 3965 ὃς
1053 3888 1093 3972 dri
1118 3892 1171 3955 καὶ
1196 3892 1364 3976 Κερμασαοὶ

244 3986 426 4068 ω’νομάζετο.
468 3992 660 4053 Accedatlris
677 3992 904 4070 Eratosthenes,
925 3994 1152 4073 antiquissimus
1171 3997 1242 4075 ille,
1269 3999 1364 4058 Grae-

243 4112 412 4172 corumque
432 4096 704 4155 Grammaticorum
727 4097 888 4176 princeps3
918 4097 951 4155 in
969 4097 1055 4177 cujas
1079 4096 1226 4179 Catalogo
1244 4098 1363 4181 Regum

250 4193 449 4257 Thebaeorum
465 4196 554 4257 nobis
566 4198 676 4261 militat
692 4201 759 4260 Rex
773 4195 967 4282 Κομὰεφθᾶ·
989 4199 1172 4264 vocabalum
1191 4202 1306 4263 sactum
1322 4224 1364 4264 ex
