2950 4817
181 209 282 319 '152
502 230 727 305 rosanus
751 234 1013 305 Marassa

141 415 146 430 ’
204 417 347 505 ἑωρακὼς
358 416 415 501 τὴν
427 411 559 501 strupo
572 420 635 483 τῶν
647 410 852 502 γραμμάτων,
875 416 952 502 λέγει
964 413 1062 505 αὐτῷ,
1082 409 1310 501 Μακροθύμη-

204 546 260 589 σον
274 520 318 587 ἐπ’
334 521 418 603 ἐμοί,
444 526 585 603 βασιλεῦ,
611 520 719 604 καὶμὴ
735 519 895 607 ὀργισθῇς,
923 522 974 585 καὶ
991 515 1169 602 ἕρμηνεόσω
1184 541 1236 582 σοι
1252 516 1312 601 τὴν

203 632 267 691 τῶν
291 619 482 711 γραμμάτων
507 619 646 705 δύναμιν.
700 619 716 688 ό
736 623 770 687 δέ
784 619 967 705 ἐπωμόσατο
980 621 1026 706 μὴ
1041 630 1138 687 ποιεῖν
1151 619 1236 709 αὐτῷ
1251 644 1309 684 κα·

202 727 256 795 νόν
273 721 477 815 ἔρμηνεόοντι.
530 727 581 792 καί
596 727 671 811 λε’γει
685 722 800 813 αότῷό
815 722 957 809 Δανιήλ,
980 722 1019 789 ‘0
1041 724 1117 801 θεός
1134 730 1191 789 τοῦ
1210 722 1309 808 οὐρα-

114 848 138 902 v
155 845 190 905 61
205 837 261 897 νοῦ
283 832 333 896 καί
354 836 410 913 τῆς
431 836 488 916 γῆς
507 826 723 915 ἀγανακτήσας
738 828 818 894 κατά
835 854 892 893 σου
907 826 1064 913 ἐπλήρωσε
1081 826 1136 909 τὴν
1151 828 1337 909 βασιλείανσ

91 952 118 1007 0
136 952 187 1011 193
204 959 272 1001 σου.
324 934 381 998 καί
392 941 484 999 τοῦτο
500 928 636 1007 ἄκοόσας
650 930 800 997 όαέλυσεν
813 930 909 997 αὐτόν
923 934 997 997 disis
1013 934 1040 995 εί
1054 927 1210 1013 όληθεόει.
1238 930 1312 993 ασελ

202 1036 274 1123 μεθ’
291 1032 409 1121 ἡμέρας
423 1038 558 1119 Δαρεῖος
573 1032 589 1100 ό
605 1038 737 1117 Μῆδος,
766 1034 811 1099 ὢν
825 1036 903 1099 ἐτῶν
920 1032 958 1114 ξ’,
984 1030 1180 1119 τυραννήσας
1193 1034 1313 1117 ἐσῆλθε

203 1141 255 1207 καὶ
271 1138 400 1227 ’ίσφαξεν
414 1136 509 1207 αὐτόν
515 1188 526 1220 ,
553 1140 604 1205 καὶ
620 1136 711 1222 ἔλαβε
726 1136 784 1220 τὴν
798 1140 960 1219 βασιλείαν
974 1136 1083 1202 sicori.

280 1275 376 1344 Μετὰ
396 1276 430 1341 δέ
456 1275 512 1359 τὴν
532 1275 692 1355 βασιλείαν
713 1276 851 1361 Δαρείου
875 1274 1079 1358 ἐβασίλευσαν
1101 1272 1200 1357 ἕτεροι
1217 1276 1311 1354 βασι-

204 1386 265 1455 λεῖς
284 1379 454 1465 Ἀσσυρίων
480 1380 536 1455 ἕως
549 1375 748 1463 Ἀστυάγους.
801 1380 853 1443 καὶ
876 1377 985 1443 λοιπόν
1007 1373 1025 1443 ό
1048 1372 1219 1461 Ἀστυάγης
1236 1375 1313 1456 iiia-
1322 1388 1359 1444 10

204 1486 323 1549 σίλευσε
346 1486 495 1569 Περσῶν,
521 1480 556 1558 ὃς
580 1478 799 1567 ἐπεστράτευσε
822 1479 901 1545 κατὰ
919 1485 983 1545 τῶν
1004 1482 1145 1558 Λυδῶν,
1174 1477 1315 1543 ἀνελθὼν

154 1640 160 1651 .
203 1586 282 1671 μετὰ
295 1581 454 1667 δυνάμεως
468 1590 593 1667 πολλῆς.
631 1585 662 1648 ἐν
680 1575 704 1671 ᾧ
720 1581 820 1668 χρόνῳ
836 1580 852 1646 ὁ
869 1580 956 1665 ἥλιος
972 1582 1122 1662 ἐξέλειψεν
1137 1582 1184 1644 ἐπὶ
1197 1579 1317 1655 πολλὰς

205 1687 291 1776 ὥρας
306 1693 363 1769 τῆς
378 1684 496 1772 ἡμέρας
503 1736 513 1766 ,
542 1684 742 1771 προειιτόντος
757 1688 866 1750 Θαλοῦ
879 1691 936 1750 τοῦ
953 1682 1129 1770 φιλοσόφου
1147 1684 1204 1767 τὴν
1220 1681 1316 1748 ἐκλει-

204 1810 262 1873 ψιν
289 1796 346 1855 τοῦ
369 1786 467 1871 ἡλίου.
522 1788 554 1851 ἓν
576 1798 641 1862 τοῖς
663 1784 771 1862 αὐτοῖς
787 1785 913 1869 χρόνοις
929 1790 1155 1869 Πεισίστρατος
1174 1790 1317 1868 πολεμῶν
1369 1804 1373 1814 ’

165 1902 189 1956 Β
207 1896 396 1977 δημαγωγεῖ,
424 1896 488 1956 τῶν
510 1892 631 1956 Λυδῶν
652 1888 696 1972 μὴ
715 1884 916 1973 ἡττηθέντων
931 1894 977 1977 τῷ
994 1889 1136 1977 πολέμῳ,
1164 1888 1245 1953 ἀλλὰ
1260 1894 1316 1952 τοῦ
1325 1904 1359 1960 15

200 1992 392 2079 Ἀστυάγους
414 1993 466 2081 ἀφ’
492 1989 605 2059 ἑαυτοῦ
627 1988 896 2075 ἀναχωρήσαντος.
949 1988 1020 2057 τότε
1041 1998 1134 2057 τοῦτο
1150 1986 1271 2077 γνόντες
1286 1991 1317 2055 οἶ

205 2102 333 2167 Πισαῖοι
359 2096 505 2181 δευτέραν
530 2092 640 2181 ἑορτὴν
663 2096 840 2160 ἐπετέλεσαν
861 2094 981 2178 όγῶνος
1001 2096 1155 2174 Πυθίων,
1191 2095 1316 2180 εὐχαρι-

207 2208 350 2275 στοῦντες
370 2206 414 2288 τῷ
431 2196 546 2287 Ἡλίῳ,
574 2197 817 2284 παρατιθέμενοι
834 2193 967 2275 {notorie
977 2200 1103 2274 Λυδοῖς
1115 2200 1167 2262 καὶ
1179 2204 1224 2287 τῷ
1238 2194 1317 2285 κρά-

206 2329 252 2371 τει
267 2308 323 2389 τῆς
338 2299 497 2387 δυνάμεως
510 2290 617 2366 odiosi.

97 2446 123 2501 0
140 2443 192 2503 191
286 2441 351 2507 Καί
371 2438 476 2507 λοιπόν
497 2438 530 2504 ἐν
552 2447 618 2515 τοῖς
630 2435 712 2521 μετὰ
726 2442 827 2503 ταῦτα
839 2437 975 2527 ἐφηῦρον
990 2436 1101 2525 ἑορτὴν
1114 2434 1234 2523 ἀγῶνος
1250 2437 1361 2523 spi-20

276 2639 320 2695 12.
354 2633 506 2705 ἐξόνλειψεν
537 2635 590 2690 0¹.
713 2634 757 2688 15.
790 2632 855 2688 Post
888 2636 1050 2705 δημαγωγεῖ
1074 2634 1205 2689 'excidisse
1235 2651 1318 2704 qnae-

276 2706 335 2759 dena
366 2706 493 2761 videatur.
616 2702 657 2757 17.
695 2704 812 2757 Πισαῖοι
842 2702 909 2772 Ch„
943 2708 1075 2759 Πεισαῖοι
1106 2706 1159 2757 Ox.
1212 2704 1259 2756 Sic
1291 2712 1320 2757 et

275 2775 521 2899 {pilippsfflbkidid
555 2772 693 2841 Πυθίων]
720 2774 824 2844 Πυθίην
848 2774 900 2826 Ox.
954 2773 1034 2838 Quod
1057 2781 1146 2848 petest
1161 2773 1241 2830 etiam
1258 2776 1319 2828 Πυ-

210 3012 256 3067 ubi
273 3012 323 3067 viru
341 3012 492 3083 Scripturas
509 3012 583 3082 hujus
599 3010 775 3083 percepisset,
790 3010 858 3072 dixit
873 3011 956 3081 Regis
991 3012 1049 3078 „st
1065 3012 1141 3067 modo
1157 3012 1259 3067 senisu
1270 3014 1320 3068 rui·

211 3084 237 3137 hi
255 3082 342 3147 dabis,
366 3083 391 3135 0
409 3084 482 3148 Rex,
500 3100 549 3136 nec
565 3084 648 3137 iratus
666 3082 733 3146 erice
751 3082 887 3137 serbonius
903 3099 1002 3136 sensnm
1018 3100 1070 3151 ego
1085 3083 1136 3137 tibi
1151 3084 1319 3203 expediam-‘⁶

210 3153 376 3222 Respondens
392 3168 456 3216 rex,
479 3154 624 3221 juramento
643 3150 822 3214 confirmavit,
847 3152 914 3204 nihii
928 3151 988 3204 maii
1005 3159 1155 3207 eventurum
1172 3152 1211 3206 iii
1227 3170 1262 3205 ex
1278 3152 1321 3203 in-

211 3221 408 3291 terpretatione.
450 3222 518 3275 Turn
535 3222 603 3289 Regi
621 3220 729 3283 Danie13
763 3219 858 3284 „Deus
875 3220 998 3289 (inquit)
1015 3221 1089 3275 Coeli
1106 3231 1135 3275 ct
1151 3230 1254 3287 tenne,
1278 3221 1322 3274 in·

212 3292 298 3343 sensns
315 3290 379 3349 tibi,
403 3306 509 3359 regnum
527 3298 597 3343 tunm
614 3290 648 3343 ad
671 3288 771 3342 exitum
787 3288 939 3360 perduxit“
972 3290 1047 3344 Haec
1062 3291 1107 3343 nbi
1124 3290 1236 3343 audisset
1252 3290 1321 3353 Rex,

213 3358 320 3411 dimittit
330 3359 418 3421 ilium,
436 3358 618 3427 praedictionis
636 3368 757 3412 eventurn
771 3364 964 3428 expectaturus.
998 3357 1091 3412 Peneis
1107 3376 1170 3412 vero
1189 3365 1250 3427 post
1264 3359 1322 3410 die-

213 3428 276 3489 bus,
293 3426 387 3480 Darius
405 3428 510 3493 diodus,
528 3446 585 3481 cum
603 3446 694 3481 annum
712 3437 806 3495 ageret
821 3428 1019 3496 sexagesimum,
1036 3435 1128 3481 eontra
1143 3444 1233 3497 regens
1250 3444 1322 3484 nrm

213 3495 309 3549 noviss
335 3512 419 3565 eoque
434 3497 590 3562 interiecto,
607 3514 714 3565 regnum
730 3496 779 3549 sibi
796 3497 955 3550 vendicavit.

283 3596 388 3651 Dsrinua
404 3604 489 3651 eutem
514 3606 673 3669 exceperunt
698 3599 797 3651 caeteri
810 3599 969 3667 Assyriorum
986 3614 1061 3667 reges
1077 3616 1157 3668 usque
1174 3598 1209 3653 ed
1227 3601 1322 3667 Astya-

216 3682 288 3751 penss
314 3666 360 3735 qui
384 3666 504 3736 deinceps
527 3668 612 3721 Persis
635 3670 765 3737 regnavit.
803 3668 930 3722 Movebat
947 3667 990 3721 hic
1007 3668 1101 3721 bellura
1118 3677 1209 3722 eontra
1227 3670 1324 3737 Lydes,

215 3734 316 3803 sugenti
339 3734 444 3790 veniens
461 3752 516 3787 eum
541 3736 666 3790 exercitu.
701 3736 805 3791 Accidit
822 3747 906 3790 auten
930 3736 1019 3791 eodem
1036 3744 1088 3789 tem
1109 3754 1155 3791 ore
1172 3738 1233 3793 sciis
1250 3739 1323 3790 deis-

217 3804 286 3868 etio,
304 3818 372 3873 quae
388 3820 437 3874 per
454 3805 545 3857 sunites
562 3804 613 3857 diei
631 3806 707 3857 horas
725 3804 845 3869 duravit3
872 3808 938 3859 hanc
955 3824 1018 3860 vero
1037 3754 1135 3861 Thaies
1152 3806 1323 3876 Philosophus

217 3872 394 3943 praedixerat.
427 3872 527 3927 Eodem
553 3880 668 3943 tempore
686 3874 835 3927 Pisistratus
850 3892 879 3928 ss
895 3874 957 3928 belii
983 3877 1073 3928 ducem
1091 3876 1170 3944 Lydis
1187 3877 1324 3946 praebuit3

134 3954 135 3957 ’
219 3942 338 4011 quicum
355 3941 442 3995 Persis
464 3958 546 4012 aequo
563 3944 651 3996 Marte
668 3952 827 4014 pugnantes,
855 3944 944 3997 saitem
960 3962 1012 3997 nou
1027 3950 1087 3998 sont
1109 3944 1216 3998 devicti.
1253 3942 1324 4009 Quin

219 4017 248 4063 et
263 4010 391 4078 Astyages
413 4010 481 4063 uitro
499 4012 655 4065 retrocessit.
691 4012 768 4075 Quod
786 4029 844 4065 cum
865 4012 1051 4066 inteliexissent
1066 4012 1167 4076 Pisaei,
1194 4012 1325 4067 Solemni-

218 4082 299 4133 tutem
321 4078 389 4131 iiiam
412 4078 521 4134 alterurn
545 4080 634 4151 Pythii
646 4081 818 4144 certaminis,
852 4081 913 4134 soiis
928 4081 956 4134 in
972 4082 1110 4147 honorem,
1144 4082 1324 4148 edebrarnnt3

220 4146 385 4218 subjicientes
399 4166 455 4202 sese
471 4150 603 4217 Lydorum
619 4149 747 4220 imperio,
772 4158 801 4202 et
816 4148 940 4219 potestati
955 4151 1020 4218 ejus.

285 4250 396 4306 Posteris
418 4248 513 4306 deiude
529 4251 701 4325 tenporibus,
727 4252 805 4307 iidem
821 4252 908 4307 Pisaei
923 4252 1028 4309 tertiam
1052 4253 1241 4323 &innuen
1257 4254 1325 4309 indi-
