2950 4817
588 300 818 373 marona
1182 284 1259 389 αις

140 476 176 535 in
190 472 217 535 Δ
231 485 352 555 exeunt,
374 498 392 537 ι
404 476 530 539 Graecis
542 477 738 539 inflectantur
748 479 781 539 iu
793 483 849 556 Ας,
872 474 1002 559 Γάλβας,
1024 472 1154 560 Σύλλας,
1178 486 1259 546 Noa·

104 556 110 567 ’
140 563 216 643 μᾶς,
239 562 380 639 Σενέκας,
403 566 572 645 Αγρίιιιιας.
606 564 698 638 Quod
711 564 739 624 si
756 564 830 625 adeo
843 564 905 646 jam
918 566 1108 646 exploratum
1127 576 1181 639 est,
1204 590 1260 629 aa·

138 647 322 707 minativum
354 650 503 709 Graecum
534 670 598 709 esse
618 649 778 725 Μαλέλας·
817 652 911 713 nolim
932 672 988 729 ego
1013 653 1119 713 Latine
1137 664 1258 715 vertens

95 744 105 755 ⁰
138 742 327 813 postremam
347 734 465 794 literam
481 734 612 814 abjicere
631 744 754 813 praeter
765 757 880 797 marem
898 746 927 798 et
944 738 1191 799 consuetudinem
1205 760 1257 799 eo·

137 838 210 877 rum
225 829 412 899 temporum,
434 822 545 900 quibus
559 822 688 880 maxime
705 822 803 897 riguit
816 822 913 882 honos
927 832 956 881 ct
970 823 1064 898 gratia
1079 824 1175 883 Latini
1190 826 1259 885 Ser-

135 906 249 967 rnanis.
294 904 481 965 vetustiores
493 906 629 985 quidem,
650 916 684 965 ut
698 918 788 966 autor
802 918 847 967 est
860 908 1063 981 Quintilianus
1076 910 1129 968 lib.
1144 932 1167 972 1.
1182 932 1209 973 c.
1223 930 1256 973 v.

137 987 213 1049 Nan
227 991 258 1049 in
272 989 315 1051 A.
330 1006 356 1050 et
372 988 405 1053 S.
418 988 520 1051 literas
541 994 625 1053 exire
638 1006 743 1051 temere
757 988 926 1053 masculina
946 990 1060 1054 Graeca
1074 997 1194 1055 nomina
1207 1020 1257 1055 re·

135 1088 191 1134 cta
210 1096 283 1134 casa
302 1074 501 1157 patiebantur.
546 1075 676 1158 Ideoque
694 1092 722 1135 et
747 1074 830 1157 apud
852 1074 983 1139 Caelium
1009 1076 1147 1161 legimus,
1175 1081 1255 1141 Pelia

137 1158 352 1235 Cincinnatum
375 1177 404 1221 et
425 1158 508 1244 apud
524 1160 722 1238 Messallam,
745 1162 898 1222 Benelecit
913 1162 1039 1236 Euthia3
1067 1180 1096 1223 et
1111 1162 1192 1243 apud
1207 1164 1255 1227 Gi.

136 1266 290 1316 aeranem,
312 1245 511 1325 Hermagora:
533 1248 730 1324 neminemne,
754 1245 836 1329 qaod
849 1246 888 1305 ah
907 1250 1094 1331 antiquaram
1108 1246 1256 1333 plerisque

133 1328 238 1390 Aenea
255 1345 284 1389 et
298 1330 430 1391 Anchisa
448 1334 488 1393 sit
503 1330 611 1393 dictas.
653 1332 826 1393 Priscianus
840 1332 891 1393 lib.
907 1352 938 1393 v.
960 1332 1058 1415 Apud
1078 1331 1208 1395 Graecas
1222 1338 1254 1397 ia

135 1420 186 1488 Λς
201 1411 380 1488 desinentia,
404 1416 487 1498 apud
502 1441 557 1479 nas
572 1419 604 1477 in
617 1416 643 1475 Δ
658 1420 867 1493 terminantar3
888 1432 921 1477 ut
937 1414 1104 1497 Μαρσύας,
1126 1421 1256 1497 Σωσίας,

133 1500 283 1579 Besidiae,
307 1502 446 1581 Χαιρέας,
471 1504 609 1579 Ταρρίας,
632 1496 808 1581 Βαγρᾶὄαςς
831 1502 967 1579 Marsya,
990 1500 1090 1577 Sosia,
1112 1500 1252 1583 Byrrhia,

136 1581 282 1656 Chaerea,
308 1588 417 1657 Turia,
439 1581 598 1663 Bagrada.
642 1586 728 1645 Libri
754 1596 852 1645 autem
867 1607 910 1645 vr.
926 1608 956 1665 p.
974 1591 1035 1651 681
1053 1596 1082 1645 et
1098 1593 1170 1653 701.
1189 1586 1252 1668 ple.

132 1690 258 1750 rumque
271 1669 311 1728 ait
326 1681 356 1728 ct
368 1667 546 1754 frequenter
565 1668 625 1728 hoc
639 1669 706 1729 lieri
729 1673 836 1731 solere.
880 1672 920 1729 Et
941 1670 989 1729 his
1001 1671 1137 1731 fortassis
1151 1682 1252 1731 aucto.

131 1753 221 1813 ribus
234 1754 313 1813 tueri
325 1775 357 1813 se
372 1775 461 1834 posse
476 1754 669 1827 arbitrentur,
692 1756 745 1830 qui
759 1775 775 1811 e
789 1756 938 1811 contraria
953 1766 1037 1831 parte
1050 1756 1166 1817 dicuat.
1195 1758 1251 1818 Mi.

130 1836 168 1898 lii
183 1858 256 1899 vcro
272 1839 359 1918 longe
372 1839 495 1899 videtur
506 1859 607 1899 secuse
628 1836 682 1897 sed
702 1845 826 1916 oportet
841 1834 924 1896 haud
936 1838 1038 1917 jejune
1051 1839 1089 1899 de
1104 1838 1162 1899 hac
1178 1862 1250 1901 cau-

133 1946 180 2001 sa,
202 1934 232 1984 at
243 1934 387 2005 tanquam
399 1924 430 1983 in
444 1923 583 1989 transitu,
606 1922 658 1981 sed
674 1922 763 2002 plene
781 1922 961 2001 copiosaque
978 1922 1143 2003 disputare.
1165 1926 1250 1987 Prin.

133 2009 217 2090 cipio
231 2010 313 2068 nulla
329 2008 538 2069 controversia
553 2017 613 2082 est,
636 2008 710 2087 quin
727 2007 867 2079 indigena
882 2008 1055 2068 Latinorum
1070 2029 1167 2070 sermo
1182 2012 1249 2071 nul·

132 2097 198 2156 lam
213 2092 353 2153 habuerit
365 2094 582 2153 nominativum
597 2092 630 2151 in
643 2091 694 2152 Αι
708 2113 776 2152 cum
787 2092 928 2151 Genitivo
945 2089 1143 2177 laaauiia'lip.
1167 2096 1249 2169 Qua.

130 2189 265 2263 propter
279 2180 462 2258 antiquitas,
485 2180 548 2239 aive
566 2178 701 2237 Graccus
719 2179 869 2259 quispiam
893 2177 924 2237 in
938 2178 1041 2238 Latina
1064 2180 1185 2239 civitate
1202 2182 1249 2240 vi-

130 2275 228 2341 veret,
250 2266 313 2324 sive
329 2266 443 2325 Graeca
457 2266 570 2345 scripte
582 2263 613 2322 in
627 2263 766 2323 Latinum
787 2272 1042 2338 converterentur,
1065 2265 1248 2343 ejuscemodi

131 2352 253 2411 namins
268 2370 325 2431 per
340 2352 364 2410 Δ
381 2352 559 2430 plerumque
577 2348 709 2409 scribere
725 2358 755 2407 et
767 2349 969 2428 pronunciare
983 2351 1105 2433 placuit.
1148 2350 1248 2431 Atque
1266 2352 1291 2407 0
1309 2356 1343 2413 ta

130 2436 194 2497 hoc
215 2435 336 2516 quidem
354 2456 393 2495 ex
406 2436 525 2515 ingenia
544 2444 574 2493 ct
595 2434 810 2494 consuetudine
830 2434 950 2512 linguae
968 2436 1146 2495 vernaculae
1161 2436 1246 2499 abiis

130 2533 178 2583 est
199 2523 377 2582 factitatum.
421 2521 533 2581 Comici
553 2519 647 2597 igitur
669 2524 701 2578 in
719 2519 843 2579 Graecis
864 2520 1097 2600 interpretandis
1118 2542 1181 2582 eam
1196 2542 1247 2582 ra*

129 2608 242 2669 tionem
263 2617 443 2683 tenuerant3
479 2606 624 2677 Chaerea,
656 2602 762 2678 Sosia,
792 2602 937 2683 Byrrhia,
970 2604 1108 2681 Phania,
1134 2604 1245 2685 Clinia,

128 2692 255 2770 Demea,
282 2690 445 2767 Phaedria,
466 2692 663 2775 proferentes.
705 2690 853 2749 Nimirum
875 2690 998 2749 auribus
1020 2691 1105 2769 vulgi
1117 2692 1175 2751 ista
1189 2691 1246 2751 da·

127 2778 249 2842 bantur.
294 2778 356 2837 Nec
376 2788 472 2852 tamen
497 2776 621 2836 deerant
643 2773 732 2836 etiam
753 2778 875 2855 antiqua
898 2776 948 2835 ills
964 2776 1125 2851 memoria,
1147 2774 1244 2859 (paea

129 2864 310 2938 Quintiliani
335 2858 484 2944 dixerim)
507 2862 559 2941 qui
580 2860 619 2921 ad
649 2861 832 2921 Graecorum
860 2862 1030 2941 exemplum
1054 2862 1244 2923 instituerant

126 2950 229 3027 loqui:
258 2959 402 3027 quantum
419 2970 458 3008 ex
473 2966 577 3007 eorum
600 2945 735 3024 reliquiis
762 2948 935 3027 conjectura
955 2947 1099 3024 consequi
1112 2966 1244 3027 possum.

127 3035 219 3113 Apud
242 3034 577 3098 sternutationes.
598 3031 688 3091 rerba
710 3042 782 3093 sant
798 3032 917 3093 Catonis
941 3032 1093 3109 Censoris,
1117 3033 1185 3108 qui,
1208 3052 1244 3092 ea

127 3129 305 3199 tempestate
319 3121 350 3178 in
369 3122 440 3199 llep.
457 3118 580 3192 floruit,
608 3137 668 3197 qus
686 3118 807 3179 Plautus
821 3119 852 3177 in
871 3138 974 3177 scena:
1005 3114 1159 3177 Leonidas
1171 3114 1244 3175 La-

128 3202 335 3265 cedaemonius
355 3202 516 3265 landam.-
546 3204 654 3262 Plauto
672 3211 771 3264 tamen
794 3205 825 3262 in
849 3203 981 3262 Asinaria
1003 3222 1108 3261 servus
1131 3200 1242 3260 dicitur

126 3288 276 3350 Leonida.
314 3290 460 3349 Claudius
475 3288 693 3367 Quadrigarius
707 3292 790 3369 apud
806 3290 934 3348 Gellium
951 3288 970 3346 l.
986 3292 1014 3352 3.
1029 3308 1058 3353 c.
1072 3290 1103 3353 8.
1117 3284 1175 3346 Aa
1188 3306 1242 3346 nos

126 3376 206 3434 venit
219 3372 507 3462 Niciaasasnilimis
520 3387 596 3437 tuas.
640 3375 773 3436 Lucilius
790 3374 873 3455 apud
889 3375 1054 3431 Donatum:

291 3501 377 3563 Ante
386 3500 478 3587 sares
501 3517 597 3561 autem
618 3516 646 3560 et
666 3499 781 3563 triclini
801 3499 905 3562 limina
929 3496 1052 3585 quidam

295 3586 426 3650 Perditu’
454 3588 567 3647 Tiresia
589 3590 663 3647 tussi
679 3584 863 3669 grandaeva'
884 3584 1026 3668 gemebat.

125 3714 185 3774 Ubi
203 3714 364 3794 legendum
382 3724 429 3774 est
452 3716 597 3776 tiresias.-
625 3716 683 3775 nisi
700 3718 726 3776 si
741 3712 888 3792 syllabam
905 3723 1012 3773 natura
1024 3712 1147 3772 brevem
1165 3730 1240 3790 pro·

123 3810 194 3881 pter
215 3822 368 3861 caesuram
391 3800 523 3881 produci
542 3801 704 3863 existimas.
748 3800 919 3860 Priscianus
941 3798 992 3859 lib.
1009 3816 1052 3857 vr.
1077 3794 1142 3858 Hic
1167 3793 1240 3857 Cal·

125 3885 198 3946 chas
212 3882 397 3962 Calchantis,
417 3888 552 3969 quamvis
565 3884 615 3947 hic
631 3883 760 3947 Calchas
774 3884 860 3965 hujus
878 3880 1015 3958 Calchas,
1039 3881 1241 3964 antiquissimi

125 3968 326 4031 declinabant.
368 3973 426 4031 Sed
442 3972 474 4030 in
488 3970 534 4030 his
550 3972 623 4030 locis
635 3973 762 4032 sonasse
773 3970 847 4030 lides
861 3970 1084 4049 Exemplarium
1099 3976 1239 4047 suspecta

125 4076 187 4115 esse
200 4056 310 4136 possit:
331 4059 364 4116 in
378 4058 432 4118 illo
454 4057 542 4116 Plinii
558 4056 612 4118 lib.
626 4078 723 4117 xxxv.
737 4078 803 4138 cap.
821 4076 852 4115 x.
867 4056 970 4115 nullus
990 4054 1080 4113 datur
1092 4050 1240 4131 auspicia

122 4142 154 4199 ni
169 4142 264 4201 lacus.
301 4142 394 4203 Decet
408 4164 468 4202 non
483 4138 565 4202 sileri
576 4157 604 4202 et
616 4140 762 4203 Ardeatis
776 4138 878 4221 templi
891 4142 1044 4223 pistoresis,
1065 4136 1237 4216 praesertim

122 4227 245 4288 aaran
261 4224 406 4291 donatum
422 4226 468 4289 idi
480 4243 508 4289 et
520 4228 669 4310 carmine,
692 4224 774 4312 qaod
795 4240 837 4287 est
855 4228 887 4287 in
900 4228 966 4308 ipsa
976 4226 1096 4307 piatas-a
1113 4219 1161 4281 his
1177 4232 1238 4281 uer-

120 4309 221 4372 ιίόιιιι
