2950 4817
255 246 333 322 704
706 238 921 310 BENI'LEII

216 442 224 453 ·
256 412 444 494 Κύκλωπος,
467 410 515 481 ὅτι
531 419 611 499 τρεῖς
625 410 704 499 εἶχεν
723 410 911 499 άφθαλμοάς
928 410 1092 499 opnnlm'
1106 412 1283 498 τοάςτρεΐς
1298 408 1394 479 tust-

255 499 338 582 ῳοάς
353 512 385 562 et
397 521 475 583 quae
495 500 638 582 deinceps
660 513 840 581 sequuntur.
884 504 927 563 Os
941 502 1083 563 hominia!
1114 502 1256 562 Hocciue
1274 508 1318 561 ut
1331 501 1393 560 En-

255 587 371 667 ripides
392 588 443 647 vel
453 588 485 647 in
507 589 630 647 somniis
651 587 783 647 dixerit?
826 590 908 648 Bene
930 589 1060 664 lactum,
1082 588 1170 667 quod
1192 587 1392 647 etiamnunc

258 672 391 752 Cyclops
410 673 551 753 supersit.
601 671 694 746 Quod
715 674 743 732 si
760 672 803 733 ita
826 694 903 751 rem,
925 683 1020 754 prout
1043 682 1149 733 namt
1169 673 1331 745 loannes,
1358 690 1392 730 se

256 756 369 817 habere
380 760 563 838 comperias:
584 778 646 817 non
660 777 768 819 recuso
787 759 877 837 quin,
900 758 982 838 quod
995 759 1188 835 gravissimae
1203 776 1331 837 poenae
1344 756 1392 813 lo·

257 864 297 902 co
316 843 381 901 lore
401 852 504 922 putes,
525 862 582 921 per
605 863 692 902 omno
714 845 795 903 vitae
818 853 937 925 tempus
958 854 1061 904 noctes
1081 842 1210 921 diesque
1236 840 1391 901 amandi

256 926 332 988 mihi
354 927 414 988 sint
426 939 459 989 et
482 928 635 989 ediscendi
657 928 733 989 adeo
746 929 877 991 Annales
892 929 925 989 hi
936 929 1111 1006 Volusiani,
1131 927 1282 988 Mutetur
1301 926 1390 987 volui

257 1010 371 1075 dicere.

342 1132 416 1209 Peg.
440 1133 513 1197 210.
557 1132 606 1205 Ως
625 1128 646 1194 ά
667 1124 764 1209 σοφάς
789 1124 963 1213 Εάριπίδης
982 1128 1083 1213 δρᾶμα
1101 1128 1256 1212 περὶτοῦ
1282 1122 1389 1192 crire&

259 1212 441 1297 Μελεάγρου
454 1216 584 1291 ἐξέθετο.
628 1217 767 1295 Meleagri
782 1218 912 1276 Fabulae
926 1220 1106 1277 mentionem
1124 1216 1248 1276 faciunt
1261 1215 1386 1274 Macro-

258 1303 343 1375 bius,
365 1301 527 1373 Stobaeus,
549 1300 730 1361 scholiastes
752 1301 875 1361 Pindari
898 1322 966 1362 cum
985 1304 1061 1362 aliia.
1104 1302 1212 1360 Latine
1227 1302 1388 1359 convertit

260 1387 372 1447 Attius.
416 1385 602 1465 Hesychius:
631 1389 837 1462 Keeaotooe,
859 1386 1007 1451 κατέλυσε.
1035 1382 1238 1451 κατεάθυσεν.
1287 1378 1387 1463 Eripe-

257 1472 350 1550 πλδης
368 1470 546 1554 Μελεάγρῳ.
592 1472 686 1550 Lego,
710 1474 907 1545 καθωσίωσε,
930 1472 1086 1555 natitant.
1118 1472 1188 1531 Vox
1206 1471 1308 1529 altera
1325 1490 1386 1529 non

258 1557 347 1615 aliter
358 1576 447 1633 quam
468 1557 558 1615 litura
571 1554 705 1615 sananda
721 1566 775 1615 est.
817 1556 933 1637 Nempe
956 1554 1056 1635 primo
1071 1552 1216 1615 mendose
1230 1554 1386 1633 scriptum

258 1649 306 1700 est
330 1639 484 1703 κατέλυσε·
515 1649 618 1719 postea
641 1640 783 1700 librarius
807 1640 916 1719 aliquia
940 1642 1032 1720 paulo
1062 1641 1182 1700 doctior
1208 1640 1262 1699 vel
1286 1640 1385 1698 lector

258 1726 408 1805 quispiam
423 1722 587 1801 studiosus,
609 1724 641 1783 in
654 1724 726 1784 libri
741 1724 875 1803 margine
889 1724 938 1784 rel
953 1726 1053 1785 medio
1068 1724 1204 1785 fortassis
1217 1725 1306 1783 inter
1315 1745 1384 1783 ver-

257 1810 370 1870 siculos
390 1810 488 1888 spatio
507 1830 609 1869 veram
623 1808 860 1870 emendationem
885 1808 1010 1869 dederat
1025 1810 1195 1873 tractasse.
1243 1808 1385 1868 Tandem

257 1899 373 1969 evenit,
396 1904 429 1953 ut
446 1903 607 1972 utrumque
624 1894 806 1955 vocabulum
829 1894 989 1973 conjuncte
1011 1895 1044 1953 in
1059 1915 1148 1954 versu
1169 1903 1383 1973 contexteque

257 1978 452 2038 scriberetur.
495 1978 560 2038 Hac
586 2000 657 2038 sane
671 1980 790 2040 ratione
812 1999 881 2038 cunr
894 1980 926 2037 in
940 1979 1003 2039 aliia
1022 1978 1242 2058 scriptoribus,
1268 1989 1337 2039 tum
1352 1981 1383 2036 in

255 2060 492 2143 Lexicographis
515 2064 680 2143 praecipue
700 2085 761 2125 non
787 2085 857 2125 raro
874 2074 1031 2145 peccatum
1050 2074 1103 2125 est.
1148 2062 1238 2136 Quae
1254 2064 1382 2143 quidem

255 2159 380 2228 peccata
394 2168 463 2209 cum
479 2148 561 2207 haud
578 2148 710 2227 cujusvis
732 2150 771 2209 ait
786 2148 922 2225 odorari3
946 2150 1082 2228 prolecto
1097 2169 1172 2229 opus
1187 2159 1253 2225 eet,
1277 2160 1317 2207 ut
1332 2168 1382 2206 ex-

257 2234 363 2313 emplis
376 2232 493 2311 aliquot
509 2232 719 2293 confirmemus
744 2236 918 2295 sententiam
933 2245 1080 2308 nostram,
1103 2254 1141 2295 ne
1156 2243 1277 2294 temere
1293 2231 1381 2313 quid-

258 2338 349 2397 quam
365 2329 393 2377 et
408 2318 578 2378 inconsulte
591 2319 661 2377 loco
674 2320 804 2379 movisse
818 2319 984 2383 videamur.
1027 2322 1146 2393 Εζελεν,
1169 2318 1295 2399 ἔβαλεν,
1315 2318 1381 2379 ἔλα·

255 2406 318 2484 βεν.
360 2402 549 2482 Ejiciendum
571 2412 616 2463 est
634 2404 761 2463 verbum
781 2404 950 2485 posterius:
983 2402 1090 2480 ζὲλλειν
1106 2403 1184 2463 enim
1201 2402 1309 2463 eidem
1321 2402 1380 2463 tte-

256 2486 363 2567 syehio
388 2495 434 2547 est
453 2483 584 2567 βάλλειν.
628 2483 844 2571 Εάηρότατον,
875 2486 997 2566 εὔδιον,
1025 2484 1103 2567 καλή
1125 2492 1180 2571 γῆ,
1218 2480 1378 2569 εὐήρυτον,

257 2568 385 2653 εὔγειον.
439 2571 594 2633 Postrema
617 2572 675 2631 ista
699 2574 736 2633 ab
760 2574 950 2636 emendatore
973 2573 1103 2655 quodam
1124 2572 1269 2655 profecta
1294 2581 1377 2646 aunt5

258 2657 312 2735 qui
330 2656 429 2737 prima
448 2658 556 2717 vitiosa
580 2678 640 2717 non
660 2659 763 2739 inepta
782 2659 902 2738 quidem
926 2666 1108 2720 correxerat.
1155 2660 1255 2718 Totus
1279 2658 1378 2736 itaque

256 2740 344 2800 locus
358 2741 401 2801 sic
417 2743 645 2803 constituendus
662 2754 715 2805 est.
743 2738 912 2825 Εάήροτον,
940 2742 1068 2831 eaiynov,
1087 2738 1166 2822 καλή
1178 2746 1230 2825 γῆ.
1253 2742 1281 2823 †
1296 2746 1378 2823 Φνρ·
1445 2776 1446 2789 ν

257 2832 370 2902 τοῖσιν,
394 2826 535 2904 εἰκαίως,
555 2830 850 2911 σνμπεφνραμένοις.
895 2828 928 2892 oi
940 2826 1096 2907 δὲάλφιτα
1114 2826 1188 2912 οἴνῳ
1211 2826 1379 2909 δεδευμένα

258 2908 532 2992 συμπεφυρμένοις.
575 2912 647 2973 Tam
671 2918 733 2975 scio
757 2914 881 2975 verbum
903 2914 1043 2975 ultimum
1066 2936 1083 2973 a
1105 2923 1282 2973 correctore
1306 2934 1379 2993 quo-

257 2992 326 3053 dam
351 3016 431 3071 esse,
453 3016 542 3075 quam
563 3016 613 3055 me
633 2990 765 3059 vivere*
789 2999 877 3059 Nulla
898 3000 1047 3059 dubitatio
1067 3007 1129 3074 est,
1151 2998 1230 3076 quin
1243 2998 1288 3057 its
1303 2999 1379 3058 scri·

255 3080 353 3161 pserit
373 3080 559 3161 Hesychius:
596 3084 776 3164 Φυρτοῖσιν,
798 3084 940 3157 εἰκαίως,
969 3081 1246 3166 συμπεφυρμένοις.
1292 3084 1328 3147 ολ
1345 3078 1378 3146 di

257 3162 370 3244 άλφιτα
395 3165 470 3249 οἴνῳ
484 3164 656 3247 δεδευμένα.
697 3168 855 3249 †Aartds.
877 3164 917 3231 άν
932 3168 1172 3252 τινι’ἐνὲγμεθν,
1195 3165 1378 3247 domiin!-

164 3262 190 3316 0
207 3260 244 3320 34
259 3257 314 3314 θα.
358 3252 433 3309 Cum
450 3251 631 3311 vocabulum
647 3250 707 3311 hoc
728 3255 830 3315 veniat
848 3252 928 3335 pone
939 3256 1184 3335 Αντιμίσθωτος,
1206 3254 1291 3313 scire
1307 3254 1377 3313 licet

258 3356 299 3397 ex
310 3335 466 3397 literarum
477 3336 555 3397 serie
565 3338 609 3397 sic
617 3348 754 3399 autorem
761 3340 927 3418 scripsisse.
950 3338 1221 3421 Αντινιενὲγμεθα,
1231 3333 1377 3401 ἐναντιό-

254 3428 346 3502 μεθα.
389 3422 495 3482 Postea
511 3423 645 3502 quidam,
661 3424 714 3504 qui
727 3422 927 3505 deprehendit
941 3434 1082 3505 erratum,
1095 3442 1188 3503 supra
1201 3422 1377 3483 emendarit

254 3552 368 3614 adhoc
380 3556 564 3638 exemplum,
586 3558 758 3639 scriptionis
772 3558 983 3641 compendium
997 3560 1120 3624 iaciens.
1142 3501 1376 3645 {arigim

254 3638 371 3699 Scimus
401 3660 503 3703 omnes
529 3644 571 3702 ita
598 3643 664 3703 fieri
692 3645 799 3705 solers.
854 3645 987 3705 Tandem
1012 3654 1114 3706 autem
1137 3647 1263 3725 ineptus
1288 3650 1376 3727 qnia-

251 3723 334 3804 piem
354 3723 496 3787 librarius
516 3748 581 3788 eam
602 3729 762 3809 utriusque
781 3732 867 3791 vocis
882 3730 1139 3792 continuationem
1159 3732 1251 3807 lecit,
1282 3754 1375 3813 quam

253 3806 346 3867 hodie
366 3810 513 3873 videmus.
555 3810 758 3894 Εκλάτρινιν,
784 3811 959 3899 intrinsece,
988 3811 1142 3897 κάλυψον.
1184 3816 1269 3877 Illud
1291 3814 1375 3881 tutet

162 3911 187 3963 v
205 3910 238 3967 19
256 3911 344 3975 oscos·
377 3912 417 3955 ex
453 3897 558 3959 eadem
591 3908 638 3959 est
674 3899 798 3960 officina
832 3910 1050 3965 correctarum.
1116 3900 1245 3981 Sm'ipait
1276 3902 1375 3983 Hesy-

256 3976 345 4037 chius
353 3977 553 4060 histriensem,
566 3979 724 4062 κάλυψον·
741 3996 776 4046 ut
791 3986 856 4067 ipse
869 3986 1026 4049 literarum
1041 3984 1117 4048 ordo
1131 3985 1311 4047 tamenin
1321 3998 1373 4047 est.
1442 3988 1443 4003 ¹

253 4061 352 4123 Media
367 4065 446 4123 enim
460 4066 607 4128 incedunt
620 4070 699 4129 inter
713 4076 849 4146 Balenae
861 4082 891 4133 at
904 4073 1079 4147 Εκλωπλζκ.
1122 4070 1188 4131 lloc
1204 4090 1268 4131 non
1282 4074 1373 4132 intel-

253 4149 349 4227 ligens
369 4150 500 4229 pusillus
524 4154 646 4235 quidam
660 4156 807 4232 criticus,
830 4152 904 4241 (qui
928 4156 1006 4218 enim
1020 4156 1054 4216 id
1065 4154 1264 4231 intellexerit,
1290 4156 1373 4238 quod

160 4304 164 4312 Ι
255 4253 294 4295 ne
311 4234 405 4297 laudo
424 4236 549 4317 quiden
574 4258 708 4323 unquam
726 4242 866 4305 aadinm
886 4241 971 4326 cett)
992 4242 1151 4307 emendare
1175 4250 1308 4304 conatus
1329 4252 1372 4305 eat
